<?xml version="1.0" encoding="UTF-8"?>
<!DOCTYPE html PUBLIC "-//W3C//DTD XHTML 1.0 Transitional//EN"
    "http://www.w3.org/TR/xhtml1/DTD/xhtml1-transitional.dtd">
<html xmlns="http://www.w3.org/1999/xhtml" xml:lang="en" lang="en">
 <head>
  <title>
</title>
<meta http-equiv="Content-Type" content="text/html;charset=utf-8" />
  <meta name='ocr-system' content='tesseract 3.04.00' />
  <meta name='ocr-capabilities' content='ocr_page ocr_carea ocr_par ocr_line ocrx_word'/>
</head>
<body>
  <div class='ocr_page' id='page_1' title='image "./operahun01virguoft_0037.png"; bbox 0 0 1529 2693; ppageno 0'>
   <div class='ocr_carea' id='block_1_1' title="bbox 206 260 1260 303">
    <p class='ocr_par' dir='ltr' id='par_1_1' title="bbox 206 260 1260 303">
     <span class='ocr_line' id='line_1_1' title="bbox 206 260 1260 303; baseline 0 -2"><span class='ocrx_word' id='word_1_1' title='bbox 206 277 241 302; x_wconf 84' lang='lat' dir='ltr'>v.</span> <span class='ocrx_word' id='word_1_2' title='bbox 260 263 325 303; x_wconf 88' lang='grc'>61.</span> <span class='ocrx_word' id='word_1_3' title='bbox 550 260 790 301; x_wconf 87' lang='lat' dir='ltr'><strong>ECLOGA</strong></span> <span class='ocrx_word' id='word_1_4' title='bbox 846 261 928 300; x_wconf 87' lang='lat'>111.</span> <span class='ocrx_word' id='word_1_5' title='bbox 1214 264 1260 301; x_wconf 84' lang='lat'>11</span> 
     </span>
    </p>
   </div>
   <div class='ocr_carea' id='block_1_2' title="bbox 175 372 1259 2271">
    <p class='ocr_par' dir='ltr' id='par_1_2' title="bbox 204 372 1030 477">
     <span class='ocr_line' id='line_1_2' title="bbox 204 372 1030 418; baseline -0.005 -5"><span class='ocrx_word' id='word_1_6' title='bbox 204 373 273 414; x_wconf 88' lang='lat' dir='ltr'>Ille</span> <span class='ocrx_word' id='word_1_7' title='bbox 291 372 379 412; x_wconf 90' lang='lat' dir='ltr'>colit</span> <span class='ocrx_word' id='word_1_8' title='bbox 396 381 508 411; x_wconf 81' lang='lat' dir='ltr'>terras</span> <span class='ocrx_word' id='word_1_9' title='bbox 525 387 536 418; x_wconf 65' lang='grc' dir='ltr'><strong><em>ς</em></strong></span> <span class='ocrx_word' id='word_1_10' title='bbox 565 372 615 410; x_wconf 87' lang='lat' dir='ltr'>illi</span> <span class='ocrx_word' id='word_1_11' title='bbox 641 385 718 410; x_wconf 90' lang='lat' dir='ltr'>mea</span> <span class='ocrx_word' id='word_1_12' title='bbox 736 372 891 409; x_wconf 88' lang='lat' dir='ltr'>carmina</span> <span class='ocrx_word' id='word_1_13' title='bbox 910 385 1030 410; x_wconf 82' lang='lat' dir='ltr'>curae.</span> 
     </span>
     <span class='ocr_line' id='line_1_3' title="bbox 616 438 815 477; baseline -0.01 0"><span class='ocrx_word' id='word_1_14' title='bbox 616 438 815 477; x_wconf 81' lang='lat' dir='ltr'>Menalcas.</span> 
     </span>
    </p>

    <p class='ocr_par' dir='ltr' id='par_1_3' title="bbox 201 504 1259 555">
     <span class='ocr_line' id='line_1_4' title="bbox 201 504 1259 555; baseline 0 -12"><span class='ocrx_word' id='word_1_15' title='bbox 201 504 256 544; x_wconf 89' lang='lat' dir='ltr'>Et</span> <span class='ocrx_word' id='word_1_16' title='bbox 275 518 331 543; x_wconf 89' lang='lat' dir='ltr'>me</span> <span class='ocrx_word' id='word_1_17' title='bbox 351 504 522 543; x_wconf 88' lang='lat' dir='ltr'>Phoebus</span> <span class='ocrx_word' id='word_1_18' title='bbox 542 514 658 543; x_wconf 88' lang='lat' dir='ltr'>amat:</span> <span class='ocrx_word' id='word_1_19' title='bbox 692 505 845 543; x_wconf 85' lang='lat' dir='ltr'>Phoebo</span> <span class='ocrx_word' id='word_1_20' title='bbox 860 518 924 542; x_wconf 89' lang='lat' dir='ltr'>sua</span> <span class='ocrx_word' id='word_1_21' title='bbox 938 518 1078 555; x_wconf 86' lang='lat' dir='ltr'><strong>semper</strong></span> <span class='ocrx_word' id='word_1_22' title='bbox 1092 504 1189 555; x_wconf 91' lang='lat' dir='ltr'>apud</span> <span class='ocrx_word' id='word_1_23' title='bbox 1202 518 1259 543; x_wconf 90' lang='lat' dir='ltr'>me</span> 
     </span>
    </p>

    <p class='ocr_par' dir='ltr' id='par_1_4' title="bbox 200 571 1173 676">
     <span class='ocr_line' id='line_1_5' title="bbox 200 571 1173 623; baseline -0.001 -13"><span class='ocrx_word' id='word_1_24' title='bbox 200 571 358 611; x_wconf 84' lang='lat' dir='ltr'>Munera</span> <span class='ocrx_word' id='word_1_25' title='bbox 376 581 472 617; x_wconf 89' lang='lat' dir='ltr'>sunt,</span> <span class='ocrx_word' id='word_1_26' title='bbox 490 571 593 616; x_wconf 87' lang='lat' dir='ltr'>lauri,</span> <span class='ocrx_word' id='word_1_27' title='bbox 613 582 651 609; x_wconf 90' lang='lat' dir='ltr'>et</span> <span class='ocrx_word' id='word_1_28' title='bbox 671 586 775 609; x_wconf 88' lang='lat' dir='ltr'>suave</span> <span class='ocrx_word' id='word_1_29' title='bbox 794 572 924 610; x_wconf 88' lang='lat' dir='ltr'>rubens</span> <span class='ocrx_word' id='word_1_30' title='bbox 942 572 1173 623; x_wconf 86' lang='lat' dir='ltr'>hyacinthus.</span> 
     </span>
     <span class='ocr_line' id='line_1_6' title="bbox 615 639 816 676; baseline -0.01 0"><span class='ocrx_word' id='word_1_31' title='bbox 615 639 816 676; x_wconf 82' lang='lat' dir='ltr'><em>Damoetas.</em></span> 
     </span>
    </p>

    <p class='ocr_par' dir='ltr' id='par_1_5' title="bbox 201 704 1007 757">
     <span class='ocr_line' id='line_1_7' title="bbox 201 704 1007 757; baseline -0.001 -14"><span class='ocrx_word' id='word_1_32' title='bbox 201 704 306 743; x_wconf 85' lang='lat' dir='ltr'>Malo</span> <span class='ocrx_word' id='word_1_33' title='bbox 327 719 381 743; x_wconf 89' lang='lat' dir='ltr'>me</span> <span class='ocrx_word' id='word_1_34' title='bbox 403 704 560 744; x_wconf 84' lang='lat' dir='ltr'>Galatea</span> <span class='ocrx_word' id='word_1_35' title='bbox 578 706 683 757; x_wconf 84' lang='lat' dir='ltr'>petit,</span> <span class='ocrx_word' id='word_1_36' title='bbox 703 704 838 742; x_wconf 81' lang='lat' dir='ltr'>lasciva</span> <span class='ocrx_word' id='word_1_37' title='bbox 858 704 977 755; x_wconf 86' lang='lat' dir='ltr'>puella</span> <span class='ocrx_word' id='word_1_38' title='bbox 995 720 1007 750; x_wconf 71' lang='grc' dir='ltr'><strong><em>ς</em></strong></span> 
     </span>
    </p>

    <p class='ocr_par' dir='ltr' id='par_1_6' title="bbox 198 769 1063 876">
     <span class='ocr_line' id='line_1_8' title="bbox 198 769 1063 823; baseline 0 -13"><span class='ocrx_word' id='word_1_39' title='bbox 198 770 253 810; x_wconf 88' lang='lat' dir='ltr'>Et</span> <span class='ocrx_word' id='word_1_40' title='bbox 271 770 369 823; x_wconf 89' lang='lat' dir='ltr'>fugit</span> <span class='ocrx_word' id='word_1_41' title='bbox 387 772 433 809; x_wconf 91' lang='lat' dir='ltr'>ad</span> <span class='ocrx_word' id='word_1_42' title='bbox 452 771 588 817; x_wconf 79' lang='lat' dir='ltr'>salices,</span> <span class='ocrx_word' id='word_1_43' title='bbox 607 781 645 809; x_wconf 87' lang='lat' dir='ltr'>et</span> <span class='ocrx_word' id='word_1_44' title='bbox 664 785 699 808; x_wconf 89' lang='lat' dir='ltr'>se</span> <span class='ocrx_word' id='word_1_45' title='bbox 719 771 822 821; x_wconf 78' lang='lat' dir='ltr'>cupit</span> <span class='ocrx_word' id='word_1_46' title='bbox 841 781 922 808; x_wconf 89' lang='lat' dir='ltr'>ante</span> <span class='ocrx_word' id='word_1_47' title='bbox 942 769 1063 810; x_wconf 84' lang='lat' dir='ltr'>videri.</span> 
     </span>
     <span class='ocr_line' id='line_1_9' title="bbox 611 837 809 876; baseline -0.01 0"><span class='ocrx_word' id='word_1_48' title='bbox 611 837 809 876; x_wconf 81' lang='lat' dir='ltr'>Menalcas.</span> 
     </span>
    </p>

    <p class='ocr_par' dir='ltr' id='par_1_7' title="bbox 196 902 1198 954">
     <span class='ocr_line' id='line_1_10' title="bbox 196 902 1198 954; baseline -0.003 -12"><span class='ocrx_word' id='word_1_49' title='bbox 196 903 257 942; x_wconf 87' lang='lat' dir='ltr'>At</span> <span class='ocrx_word' id='word_1_50' title='bbox 276 903 363 941; x_wconf 84' lang='lat' dir='ltr'>mihi</span> <span class='ocrx_word' id='word_1_51' title='bbox 386 917 459 942; x_wconf 86' lang='lat' dir='ltr'>sese</span> <span class='ocrx_word' id='word_1_52' title='bbox 478 904 587 942; x_wconf 90' lang='lat' dir='ltr'>offert</span> <span class='ocrx_word' id='word_1_53' title='bbox 606 903 716 948; x_wconf 86' lang='lat' dir='ltr'>ultro,</span> <span class='ocrx_word' id='word_1_54' title='bbox 737 917 834 941; x_wconf 87' lang='lat' dir='ltr'>meus</span> <span class='ocrx_word' id='word_1_55' title='bbox 852 903 960 954; x_wconf 85' lang='lat' dir='ltr'>ignis,</span> <span class='ocrx_word' id='word_1_56' title='bbox 981 902 1167 953; x_wconf 81' lang='lat' dir='ltr'><strong>Amyntas</strong></span> <span class='ocrx_word' id='word_1_57' title='bbox 1186 918 1198 949; x_wconf 72' lang='grc' dir='ltr'>ς</span> 
     </span>
    </p>

    <p class='ocr_par' dir='ltr' id='par_1_8' title="bbox 195 970 1089 1075">
     <span class='ocr_line' id='line_1_11' title="bbox 195 970 1089 1022; baseline -0.001 -12"><span class='ocrx_word' id='word_1_58' title='bbox 195 971 331 1011; x_wconf 84' lang='lat' dir='ltr'>Notior</span> <span class='ocrx_word' id='word_1_59' title='bbox 350 980 390 1008; x_wconf 91' lang='lat' dir='ltr'>ut</span> <span class='ocrx_word' id='word_1_60' title='bbox 406 972 480 1022; x_wconf 87' lang='lat' dir='ltr'>jam</span> <span class='ocrx_word' id='word_1_61' title='bbox 498 971 546 1007; x_wconf 81' lang='lat' dir='ltr'>sit</span> <span class='ocrx_word' id='word_1_62' title='bbox 564 971 712 1007; x_wconf 88' lang='lat' dir='ltr'>canibus</span> <span class='ocrx_word' id='word_1_63' title='bbox 727 984 797 1007; x_wconf 88' lang='lat' dir='ltr'>non</span> <span class='ocrx_word' id='word_1_64' title='bbox 819 970 929 1008; x_wconf 88' lang='lat' dir='ltr'>Delia</span> <span class='ocrx_word' id='word_1_65' title='bbox 948 970 1089 1009; x_wconf 85' lang='lat' dir='ltr'>nostris.</span> 
     </span>
     <span class='ocr_line' id='line_1_12' title="bbox 610 1037 812 1075; baseline 0 -1"><span class='ocrx_word' id='word_1_66' title='bbox 610 1037 812 1075; x_wconf 85' lang='lat' dir='ltr'><em>Damoetas.</em></span> 
     </span>
    </p>

    <p class='ocr_par' dir='ltr' id='par_1_9' title="bbox 193 1103 1195 1154">
     <span class='ocr_line' id='line_1_13' title="bbox 193 1103 1195 1154; baseline 0 -12"><span class='ocrx_word' id='word_1_67' title='bbox 193 1105 305 1143; x_wconf 82' lang='lat' dir='ltr'>Parta</span> <span class='ocrx_word' id='word_1_68' title='bbox 322 1117 420 1142; x_wconf 86' lang='lat' dir='ltr'>meae</span> <span class='ocrx_word' id='word_1_69' title='bbox 439 1103 572 1141; x_wconf 82' lang='lat' dir='ltr'>Veneri</span> <span class='ocrx_word' id='word_1_70' title='bbox 592 1114 674 1141; x_wconf 86' lang='lat' dir='ltr'>sunt</span> <span class='ocrx_word' id='word_1_71' title='bbox 700 1117 845 1141; x_wconf 78' lang='lat' dir='ltr'>munera</span> <span class='ocrx_word' id='word_1_72' title='bbox 861 1119 872 1148; x_wconf 89' lang='lat'>;</span> <span class='ocrx_word' id='word_1_73' title='bbox 901 1117 1055 1154; x_wconf 85' lang='lat' dir='ltr'>namque</span> <span class='ocrx_word' id='word_1_74' title='bbox 1075 1104 1195 1142; x_wconf 87' lang='lat' dir='ltr'>notavi</span> 
     </span>
    </p>

    <p class='ocr_par' dir='ltr' id='par_1_10' title="bbox 193 1170 1113 1275">
     <span class='ocr_line' id='line_1_14' title="bbox 193 1170 1113 1223; baseline 0.001 -15"><span class='ocrx_word' id='word_1_75' title='bbox 193 1171 280 1222; x_wconf 77' lang='lat' dir='ltr'>Ipse</span> <span class='ocrx_word' id='word_1_76' title='bbox 299 1171 435 1216; x_wconf 90' lang='lat' dir='ltr'>locum,</span> <span class='ocrx_word' id='word_1_77' title='bbox 455 1171 569 1209; x_wconf 80' lang='lat' dir='ltr'>a&#39;e&#39;riae</span> <span class='ocrx_word' id='word_1_78' title='bbox 589 1185 662 1221; x_wconf 91' lang='lat' dir='ltr'>quo</span> <span class='ocrx_word' id='word_1_79' title='bbox 682 1184 895 1222; x_wconf 85' lang='lat' dir='ltr'>congessere</span> <span class='ocrx_word' id='word_1_80' title='bbox 914 1170 1113 1223; x_wconf 78' lang='lat' dir='ltr'>palumbeS.</span> 
     </span>
     <span class='ocr_line' id='line_1_15' title="bbox 607 1238 805 1275; baseline -0.01 0"><span class='ocrx_word' id='word_1_81' title='bbox 607 1238 805 1275; x_wconf 80' lang='lat' dir='ltr'>Menalcas.</span> 
     </span>
    </p>

    <p class='ocr_par' dir='ltr' id='par_1_11' title="bbox 189 1303 1087 1355">
     <span class='ocr_line' id='line_1_16' title="bbox 189 1303 1087 1355; baseline 0 -14"><span class='ocrx_word' id='word_1_82' title='bbox 189 1304 305 1355; x_wconf 79' lang='lat' dir='ltr'>Quod</span> <span class='ocrx_word' id='word_1_83' title='bbox 325 1304 440 1354; x_wconf 85' lang='lat' dir='ltr'>potui,</span> <span class='ocrx_word' id='word_1_84' title='bbox 460 1317 586 1353; x_wconf 84' lang='lat' dir='ltr'>puero,</span> <span class='ocrx_word' id='word_1_85' title='bbox 600 1303 751 1340; x_wconf 83' lang='lat' dir='ltr'>silvestri</span> <span class='ocrx_word' id='word_1_86' title='bbox 769 1316 813 1340; x_wconf 81' lang='lat' dir='ltr'>ex</span> <span class='ocrx_word' id='word_1_87' title='bbox 833 1304 959 1340; x_wconf 80' lang='lat' dir='ltr'>arbore</span> <span class='ocrx_word' id='word_1_88' title='bbox 979 1303 1087 1349; x_wconf 85' lang='lat' dir='ltr'>lecta,</span> 
     </span>
    </p>

    <p class='ocr_par' dir='ltr' id='par_1_12' title="bbox 187 1369 1109 1473">
     <span class='ocr_line' id='line_1_17' title="bbox 187 1369 1109 1415; baseline 0 -7"><span class='ocrx_word' id='word_1_89' title='bbox 187 1371 320 1409; x_wconf 87' lang='lat' dir='ltr'>Aurea</span> <span class='ocrx_word' id='word_1_90' title='bbox 338 1370 430 1408; x_wconf 89' lang='lat' dir='ltr'>mala</span> <span class='ocrx_word' id='word_1_91' title='bbox 448 1371 572 1408; x_wconf 89' lang='lat' dir='ltr'>decem</span> <span class='ocrx_word' id='word_1_92' title='bbox 593 1370 671 1406; x_wconf 87' lang='lat' dir='ltr'>misi</span> <span class='ocrx_word' id='word_1_93' title='bbox 687 1384 698 1415; x_wconf 83' lang='lat'>3</span> <span class='ocrx_word' id='word_1_94' title='bbox 729 1383 807 1407; x_wconf 77' lang='lat' dir='ltr'>cras</span> <span class='ocrx_word' id='word_1_95' title='bbox 825 1369 935 1407; x_wconf 83' lang='lat' dir='ltr'>altera</span> <span class='ocrx_word' id='word_1_96' title='bbox 954 1369 1109 1408; x_wconf 87' lang='lat' dir='ltr'>mittam.</span> 
     </span>
     <span class='ocr_line' id='line_1_18' title="bbox 599 1437 802 1473; baseline -0.005 0"><span class='ocrx_word' id='word_1_97' title='bbox 599 1437 802 1473; x_wconf 83' lang='lat' dir='ltr'>Damoetas.</span> 
     </span>
    </p>

    <p class='ocr_par' dir='ltr' id='par_1_13' title="bbox 187 1500 1112 1553">
     <span class='ocr_line' id='line_1_19' title="bbox 187 1500 1112 1553; baseline -0.001 -12"><span class='ocrx_word' id='word_1_98' title='bbox 187 1503 224 1542; x_wconf 94' lang='grc' dir='ltr'>Ο</span> <span class='ocrx_word' id='word_1_99' title='bbox 246 1503 402 1553; x_wconf 82' lang='lat' dir='ltr'>quoties,</span> <span class='ocrx_word' id='word_1_100' title='bbox 420 1511 459 1540; x_wconf 90' lang='lat' dir='ltr'>et</span> <span class='ocrx_word' id='word_1_101' title='bbox 478 1516 569 1553; x_wconf 87' lang='lat' dir='ltr'>quae</span> <span class='ocrx_word' id='word_1_102' title='bbox 589 1502 692 1539; x_wconf 90' lang='lat' dir='ltr'>nobis</span> <span class='ocrx_word' id='word_1_103' title='bbox 715 1501 870 1541; x_wconf 83' lang='lat' dir='ltr'>Galatea</span> <span class='ocrx_word' id='word_1_104' title='bbox 889 1500 1012 1539; x_wconf 87' lang='lat' dir='ltr'>locuta</span> <span class='ocrx_word' id='word_1_105' title='bbox 1031 1510 1084 1540; x_wconf 85' lang='lat' dir='ltr'>est</span> <span class='ocrx_word' id='word_1_106' title='bbox 1102 1504 1112 1540; x_wconf 78' lang='lat'><em>1</em></span> 
     </span>
    </p>

    <p class='ocr_par' dir='ltr' id='par_1_14' title="bbox 185 1567 1159 1674">
     <span class='ocr_line' id='line_1_20' title="bbox 185 1567 1159 1620; baseline -0.001 -13"><span class='ocrx_word' id='word_1_107' title='bbox 185 1569 331 1608; x_wconf 83' lang='lat' dir='ltr'>Partem</span> <span class='ocrx_word' id='word_1_108' title='bbox 351 1569 519 1620; x_wconf 90' lang='lat' dir='ltr'>aliquam,</span> <span class='ocrx_word' id='word_1_109' title='bbox 539 1569 649 1612; x_wconf 89' lang='lat' dir='ltr'>venti,</span> <span class='ocrx_word' id='word_1_110' title='bbox 669 1568 789 1605; x_wconf 85' lang='lat' dir='ltr'>divom</span> <span class='ocrx_word' id='word_1_111' title='bbox 807 1567 969 1606; x_wconf 84' lang='lat' dir='ltr'>referatis</span> <span class='ocrx_word' id='word_1_112' title='bbox 988 1569 1033 1605; x_wconf 90' lang='lat' dir='ltr'>ad</span> <span class='ocrx_word' id='word_1_113' title='bbox 1053 1571 1159 1608; x_wconf 85' lang='lat' dir='ltr'>auris.</span> 
     </span>
     <span class='ocr_line' id='line_1_21' title="bbox 598 1634 1158 1674; baseline -0.004 0"><span class='ocrx_word' id='word_1_114' title='bbox 598 1635 796 1674; x_wconf 87' lang='lat' dir='ltr'>Menalcas.</span> <span class='ocrx_word' id='word_1_115' title='bbox 1154 1634 1158 1636; x_wconf 13' lang='grc' dir='ltr'>ἡ</span> 
     </span>
    </p>

    <p class='ocr_par' dir='ltr' id='par_1_15' title="bbox 182 1700 1239 1752">
     <span class='ocr_line' id='line_1_22' title="bbox 182 1700 1239 1752; baseline 0 -14"><span class='ocrx_word' id='word_1_116' title='bbox 182 1701 286 1752; x_wconf 78' lang='lat' dir='ltr'>Quid</span> <span class='ocrx_word' id='word_1_117' title='bbox 304 1701 466 1751; x_wconf 83' lang='lat' dir='ltr'>prodest,</span> <span class='ocrx_word' id='word_1_118' title='bbox 494 1701 594 1751; x_wconf 92' lang='lat' dir='ltr'>quod</span> <span class='ocrx_word' id='word_1_119' title='bbox 614 1715 669 1738; x_wconf 87' lang='lat' dir='ltr'>me</span> <span class='ocrx_word' id='word_1_120' title='bbox 687 1702 765 1751; x_wconf 90' lang='lat' dir='ltr'>ipse</span> <span class='ocrx_word' id='word_1_121' title='bbox 783 1701 900 1738; x_wconf 90' lang='lat' dir='ltr'>animo</span> <span class='ocrx_word' id='word_1_122' title='bbox 919 1715 989 1738; x_wconf 91' lang='lat' dir='ltr'>non</span> <span class='ocrx_word' id='word_1_123' title='bbox 1009 1700 1159 1752; x_wconf 82' lang='lat' dir='ltr'>spernis,</span> <span class='ocrx_word' id='word_1_124' title='bbox 1178 1701 1239 1738; x_wconf 89' lang='lat' dir='ltr'>A·</span> 
     </span>
    </p>

    <p class='ocr_par' dir='ltr' id='par_1_16' title="bbox 183 1768 1235 1872">
     <span class='ocr_line' id='line_1_23' title="bbox 183 1768 1235 1820; baseline 0.001 -14"><span class='ocrx_word' id='word_1_125' title='bbox 183 1769 236 1813; x_wconf 89' lang='lat' dir='ltr'>Si,</span> <span class='ocrx_word' id='word_1_126' title='bbox 257 1769 342 1806; x_wconf 90' lang='lat' dir='ltr'>dum</span> <span class='ocrx_word' id='word_1_127' title='bbox 358 1779 399 1806; x_wconf 85' lang='lat' dir='ltr'>tu</span> <span class='ocrx_word' id='word_1_128' title='bbox 415 1768 558 1805; x_wconf 85' lang='lat' dir='ltr'>sectaris</span> <span class='ocrx_word' id='word_1_129' title='bbox 574 1781 694 1819; x_wconf 80' lang='lat' dir='ltr'>aprOS,</span> <span class='ocrx_word' id='word_1_130' title='bbox 712 1782 783 1819; x_wconf 89' lang='lat' dir='ltr'>ego</span> <span class='ocrx_word' id='word_1_131' title='bbox 798 1769 887 1805; x_wconf 86' lang='lat' dir='ltr'>retia</span> <span class='ocrx_word' id='word_1_132' title='bbox 901 1782 1002 1806; x_wconf 83' lang='lat' dir='ltr'>servo</span> <span class='ocrx_word' id='word_1_133' title='bbox 1018 1769 1030 1807; x_wconf 87' lang='lat'>?</span> <span class='ocrx_word' id='word_1_134' title='bbox 1074 1772 1235 1820; x_wconf 82' lang='lat' dir='ltr'>[mynta,</span> 
     </span>
     <span class='ocr_line' id='line_1_24' title="bbox 594 1835 795 1872; baseline 0 0"><span class='ocrx_word' id='word_1_135' title='bbox 594 1835 795 1872; x_wconf 87' lang='lat' dir='ltr'>Damoetas.</span> 
     </span>
    </p>

    <p class='ocr_par' dir='ltr' id='par_1_17' title="bbox 179 1900 1093 1951">
     <span class='ocr_line' id='line_1_25' title="bbox 179 1900 1093 1951; baseline 0.001 -12"><span class='ocrx_word' id='word_1_136' title='bbox 179 1901 350 1951; x_wconf 82' lang='lat' dir='ltr'>Phyllida</span> <span class='ocrx_word' id='word_1_137' title='bbox 367 1900 471 1938; x_wconf 86' lang='lat' dir='ltr'>mitte</span> <span class='ocrx_word' id='word_1_138' title='bbox 489 1901 591 1945; x_wconf 88' lang='lat' dir='ltr'>mihi,</span> <span class='ocrx_word' id='word_1_139' title='bbox 619 1915 718 1938; x_wconf 85' lang='lat' dir='ltr'>meus</span> <span class='ocrx_word' id='word_1_140' title='bbox 737 1911 793 1939; x_wconf 86' lang='lat' dir='ltr'>est</span> <span class='ocrx_word' id='word_1_141' title='bbox 813 1901 951 1946; x_wconf 83' lang='lat' dir='ltr'>natalis,</span> <span class='ocrx_word' id='word_1_142' title='bbox 974 1902 1066 1939; x_wconf 89' lang='lat' dir='ltr'>Iolla</span> <span class='ocrx_word' id='word_1_143' title='bbox 1083 1918 1093 1940; x_wconf 77' lang='lat' dir='ltr'>t</span> 
     </span>
    </p>

    <p class='ocr_par' dir='ltr' id='par_1_18' title="bbox 178 1967 1087 2074">
     <span class='ocr_line' id='line_1_26' title="bbox 178 1967 1087 2020; baseline 0 -15"><span class='ocrx_word' id='word_1_144' title='bbox 178 1967 275 2005; x_wconf 87' lang='lat' dir='ltr'>Cum</span> <span class='ocrx_word' id='word_1_145' title='bbox 295 1967 424 2004; x_wconf 84' lang='lat' dir='ltr'>faciam</span> <span class='ocrx_word' id='word_1_146' title='bbox 444 1967 555 2005; x_wconf 88' lang='lat' dir='ltr'>vitula</span> <span class='ocrx_word' id='word_1_147' title='bbox 573 1982 640 2018; x_wconf 86' lang='lat' dir='ltr'>pro</span> <span class='ocrx_word' id='word_1_148' title='bbox 657 1967 840 2020; x_wconf 85' lang='lat' dir='ltr'>frugibus,</span> <span class='ocrx_word' id='word_1_149' title='bbox 858 1969 934 2019; x_wconf 87' lang='lat' dir='ltr'>ipse</span> <span class='ocrx_word' id='word_1_150' title='bbox 955 1970 1087 2006; x_wconf 88' lang='lat' dir='ltr'>venito.</span> 
     </span>
     <span class='ocr_line' id='line_1_27' title="bbox 588 2036 786 2074; baseline -0.01 0"><span class='ocrx_word' id='word_1_151' title='bbox 588 2036 786 2074; x_wconf 84' lang='lat' dir='ltr'>Menalcas.</span> 
     </span>
    </p>

    <p class='ocr_par' dir='ltr' id='par_1_19' title="bbox 176 2097 1211 2148">
     <span class='ocr_line' id='line_1_28' title="bbox 176 2097 1211 2148; baseline 0.002 -12"><span class='ocrx_word' id='word_1_152' title='bbox 176 2097 345 2148; x_wconf 85' lang='lat' dir='ltr'>Phyllida</span> <span class='ocrx_word' id='word_1_153' title='bbox 364 2113 443 2136; x_wconf 89' lang='lat' dir='ltr'>arno</span> <span class='ocrx_word' id='word_1_154' title='bbox 462 2108 544 2137; x_wconf 88' lang='lat' dir='ltr'>ante</span> <span class='ocrx_word' id='word_1_155' title='bbox 563 2099 648 2138; x_wconf 84' lang='lat' dir='ltr'>alias</span> <span class='ocrx_word' id='word_1_156' title='bbox 665 2116 674 2139; x_wconf 71' lang='grc' dir='ltr'>ι</span> <span class='ocrx_word' id='word_1_157' title='bbox 705 2115 786 2138; x_wconf 87' lang='lat' dir='ltr'>nam</span> <span class='ocrx_word' id='word_1_158' title='bbox 805 2114 861 2138; x_wconf 90' lang='lat' dir='ltr'>me</span> <span class='ocrx_word' id='word_1_159' title='bbox 881 2100 1063 2137; x_wconf 87' lang='lat' dir='ltr'>discedere</span> <span class='ocrx_word' id='word_1_160' title='bbox 1083 2099 1180 2138; x_wconf 89' lang='lat' dir='ltr'>flevit</span> <span class='ocrx_word' id='word_1_161' title='bbox 1197 2115 1211 2147; x_wconf 72' lang='grc' dir='ltr'>ς</span> 
     </span>
    </p>

    <p class='ocr_par' dir='ltr' id='par_1_20' title="bbox 175 2163 1195 2217">
     <span class='ocr_line' id='line_1_29' title="bbox 175 2163 1195 2217; baseline 0.003 -16"><span class='ocrx_word' id='word_1_162' title='bbox 175 2163 243 2209; x_wconf 90' lang='lat' dir='ltr'>Et,</span> <span class='ocrx_word' id='word_1_163' title='bbox 263 2164 456 2217; x_wconf 89' lang='lat' dir='ltr'>Longum,</span> <span class='ocrx_word' id='word_1_164' title='bbox 475 2164 645 2213; x_wconf 83' lang='lat' dir='ltr'>formose,</span> <span class='ocrx_word' id='word_1_165' title='bbox 665 2166 740 2203; x_wconf 83' lang='lat' dir='ltr'>vale</span> <span class='ocrx_word' id='word_1_166' title='bbox 759 2169 767 2204; x_wconf 79' lang='grc' dir='ltr'>Ε</span> <span class='ocrx_word' id='word_1_167' title='bbox 800 2166 876 2204; x_wconf 88' lang='lat' dir='ltr'>vale</span> <span class='ocrx_word' id='word_1_168' title='bbox 895 2169 903 2204; x_wconf 92' lang='lat'><strong>!</strong></span> <span class='ocrx_word' id='word_1_169' title='bbox 935 2166 1067 2217; x_wconf 83' lang='lat' dir='ltr'>inquit,</span> <span class='ocrx_word' id='word_1_170' title='bbox 1088 2165 1195 2204; x_wconf 82' lang='lat' dir='ltr'>Iolla.</span> 
     </span>
    </p>

    <p class='ocr_par' dir='ltr' id='par_1_21' title="bbox 673 2232 761 2271">
     <span class='ocr_line' id='line_1_30' title="bbox 673 2232 761 2271; baseline -0.011 0"><span class='ocrx_word' id='word_1_171' title='bbox 673 2232 706 2271; x_wconf 87' lang='lat' dir='ltr'>B</span> <span class='ocrx_word' id='word_1_172' title='bbox 736 2234 761 2270; x_wconf 80' lang='lat'>2</span> 
     </span>
    </p>
   </div>
  </div>
 </body>
</html>
