1493 2605
216 314 249 338 v.
267 302 358 338 468.
521 294 870 338 GEORGICON
926 294 961 332 Ι.
1228 297 1281 338 55·

218 412 408 461 Impiaque
428 418 609 447 aeternam
628 409 829 446 timuerunt
850 407 991 445 saecula
1011 415 1169 447 noctem.

215 466 405 527 Tempore
422 490 643 527 quamquam
663 475 725 512 illo
744 475 853 513 tellus
873 488 1033 525 quoque,
1062 486 1100 512 et
1123 488 1280 525 aequora

215 543 451 594 Obscenique
467 557 583 588 canes,
604 543 907 593 importunaeque
922 541 1085 579 volucres
1137 543 1280 592 [ponti,

216 610 328 661 Signa
343 611 488 648 dabant.
539 611 695 660 Quoties
711 610 760 658 C>
772 609 920 658 clopum
935 608 1105 647 effervere
1119 610 1155 647 in
1171 624 1279 663 agros

213 677 381 715 Vidimus
401 678 595 714 undantem
618 677 732 728 ruptis
765 676 974 713 fornacibus
993 678 1172 722 Aetnam,

215 743 530 795 Flammarumque
560 743 691 795 globos
714 743 986 793 liquefactaque
1007 743 1148 782 volvere
1168 747 1275 782 saxa!

213 810 418 848 Armorum
438 811 597 848 sonitum
615 820 698 847 toto
721 810 922 848 Germania
942 810 1045 848 coelo

214 877 350 914 Audiit
370 893 378 915 :
409 878 561 915 insolitis
582 886 807 915 tremuerunt
827 877 986 914 motibus
1007 877 1143 927 Alpes.

213 942 299 980 Vox
320 958 466 994 quoque
486 959 550 994 per
568 944 671 982 lucos
691 944 800 996 volgo
819 944 989 982 exaudita
1010 944 1146 981 silentis

215 1010 350 1061 Ingens
368 1025 379 1056 ;
408 1020 443 1048 et
466 1011 655 1048 simulacra
675 1012 793 1049 modis
812 1011 984 1062 pallentia
1003 1010 1100 1048 miris

211 1077 301 1115 Visa
320 1079 386 1115 sub
407 1079 601 1117 obscurum
631 1079 750 1116 noctis
769 1094 779 1124 ς
810 1079 1041 1130 pecudesque
1061 1079 1250 1129 loquutae,

217 1144 412 1182 Infandum
430 1148 438 1183 !
473 1145 603 1182 sistunt
622 1159 755 1190 amnes,
773 1154 961 1195 terraeque
982 1146 1174 1183 dehiscunt
1192 1161 1205 1190 3

212 1211 266 1249 Et
286 1222 463 1249 moestum
481 1211 669 1248 illacrimat
685 1211 830 1262 templis
845 1212 948 1255 ebur,
964 1225 1117 1262 aeraque
1132 1213 1275 1253 sudant.

209 1278 367 1323 Proluit,
386 1278 510 1315 insano
529 1286 775 1327 contorquens
796 1278 942 1321 vertice,
964 1277 1067 1314 silvas

210 1344 422 1383 Fluviorum
442 1359 519 1390 rex,
541 1345 738 1388 Eridanus,
758 1358 979 1394 camposque
999 1358 1065 1394 per
1083 1345 1199 1382 omnis

209 1411 305 1449 Curn
326 1411 476 1448 stabulis
495 1420 655 1448 armenta
676 1410 774 1449 tulit.
833 1411 912 1448 Nec
933 1420 1099 1461 tempore
1117 1412 1247 1449 eodem

209 1477 398 1516 Tristibus
417 1488 479 1515 aut
499 1478 593 1515 extis
613 1478 723 1515 fibrae
737 1491 910 1528 apparere
929 1478 1098 1523 minaces,

209 1545 296 1583 Aut
316 1545 435 1595 puteis
454 1559 595 1582 manare
615 1558 723 1582 cruor
742 1544 908 1590 cessavit,
928 1554 965 1581 et
985 1544 1079 1582 altae

209 1611 281 1649 Per
299 1621 443 1649 noctem
463 1625 627 1649 resonare
646 1612 741 1661 lupis
757 1612 978 1649 ululantibus
999 1612 1119 1650 urbes.

209 1679 295 1717 Non
315 1678 400 1716 alias
420 1677 522 1715 coelo
543 1679 753 1716 ceciderunt
774 1679 878 1728 plura
899 1693 1024 1716 sereno

210 1745 373 1797 Fulgura
390 1761 401 1790 ;
431 1759 496 1782 nec
517 1745 584 1782 diri
604 1747 713 1782 toties
739 1759 854 1782 arsere
873 1754 1049 1784 cometae.

208 1810 315 1862 Ergo
335 1811 429 1848 inter
447 1825 522 1848 sese
541 1811 688 1862 paribus
708 1826 923 1848 concurrere
943 1811 1025 1848 telis

209 1877 393 1915 Romanas
413 1878 506 1915 acies
526 1878 657 1915 iterum
674 1877 792 1914 videre
813 1878 976 1930 Philippi
994 1893 1005 1923 ;

208 1944 288 1982 Nec
308 1944 379 1981 fuit
398 1944 586 1996 indignum
607 1945 758 1994 superis,
777 1945 832 1982 bis
853 1945 1025 1996 sanguine
1044 1954 1168 1982 nostro

207 2011 419 2048 Emathiam
436 2020 474 2048 et
492 2010 584 2048 latos
606 2011 741 2048 Haemi
762 2011 998 2063 pinguescere
1018 2025 1177 2062 campose

208 2078 357 2116 Scilicet
376 2086 417 2115 et
433 2087 578 2128 tempus
597 2077 726 2123 veniet,
747 2092 859 2128 quum
880 2078 1010 2115 finibus
1030 2078 1097 2116 illis

207 2143 404 2196 Agricola,
423 2144 572 2181 incurvo
592 2153 722 2182 terram
743 2144 889 2181 molitus
908 2155 1042 2191 aratro,

208 2209 331 2249 Exesa
349 2211 504 2249 inveniet
524 2212 649 2249 scabra
668 2211 835 2262 robigine
853 2211 939 2262 pila,
