1493 2605
215 275 266 314 τι
465 332 471 341 ι
498 273 847 314 GEORGICON
907 276 964 314 11.
1129 292 1162 318 v.
1179 282 1272 321 465.

216 385 318 422 Alba
340 400 454 436 neque
477 387 635 436 Assyrio
658 386 802 423 fucatur
823 387 901 424 lana
923 403 1076 435 veneno,

216 453 295 490 Nee
315 454 409 490 casia
429 453 555 502 liquidi
573 453 820 503 corrumpitur
837 468 919 491 usus
938 456 1023 493 olivi
1041 472 1052 494 ε

218 519 275 556 At
297 533 419 557 secura
441 520 556 569 quiesi,
576 528 613 556 et
634 520 751 556 nescia
773 519 894 557 fallere
915 522 1001 566 vita,

216 586 334 624 Dives
354 601 465 636 opum
489 586 664 622 variarum
684 601 694 630 ;
724 595 761 622 at
783 586 863 624 latis
883 588 958 624 otia
978 587 1115 634 fundis,

218 653 435 702 Speluncae,
459 652 599 702 vivique
621 652 720 690 lacus
740 668 750 696 3
780 662 816 690 at
838 653 971 704 frigida
991 655 1149 706 Tempe,

215 720 463 770 Mugitusque
484 720 609 764 boum,
631 720 830 770 mollesque
851 722 917 759 sub
938 723 1065 760 arbore
1085 724 1199 761 somni

216 787 303 825 Nou
325 788 454 824 absunt
474 802 482 824 :
515 787 586 824 illie.
607 788 719 824 saltus
740 802 780 825 ac
801 788 913 825 lustra
942 788 1111 834 ferarum,

213 854 266 891 Et
288 854 428 904 patiens
447 868 613 904 operum,
633 855 842 905 exiguoque
862 855 1025 900 adsueta,
1041 858 1211 905 juventus
1225 873 1241 904 3

215 921 326 958 Sacra
347 921 466 963 deum,
488 921 676 970 sanctique
697 930 818 970 patres
836 936 844 958 :
877 931 1040 958 extrema
1060 936 1126 972 per
1147 923 1228 960 illos

211 987 377 1030 Justitia,
397 987 575 1024 excedens
591 987 709 1029 terris,
731 987 883 1038 vestigia
901 987 1002 1026 fecit.

268 1054 334 1092 Me
354 1068 436 1090 vero
458 1053 628 1103 primum,
649 1053 772 1090 dulces
792 1063 876 1090 ante
896 1055 1029 1098 omnia,
1051 1053 1197 1102 Musae,

215 1123 382 1172 Quarum
403 1134 501 1157 sacra
521 1119 612 1163 fero,
633 1120 770 1171 ingenti
792 1135 983 1170 percussus
1002 1136 1137 1168 amore,

213 1189 439 1238 Accipiunt,
466 1186 630 1237 coelique
651 1187 723 1224 vias
742 1197 780 1224 et
800 1188 916 1224 sidera
935 1198 1163 1236 monstrent;

215 1255 400 1293 Defectus
420 1253 502 1291 solis
523 1254 652 1297 varios,
672 1253 850 1303 lunaeque
870 1254 1012 1292 labores
1029 1271 1040 1300 ;

215 1323 328 1360 Unde
356 1331 493 1358 tremor
513 1321 616 1358 terris
633 1336 644 1363 ;
675 1334 746 1370 qua
765 1321 798 1357 vi
819 1321 927 1357 maria
947 1321 1018 1358 alta
1038 1330 1244 1362 tumescant

215 1389 411 1440 objicibus
430 1387 562 1437 ruptis,
583 1400 777 1437 rursusque
799 1387 833 1423 in
854 1401 890 1424 se
911 1387 988 1437 ipsa
1008 1389 1194 1434 residant;

215 1456 318 1506 Quid
337 1465 481 1492 tantum
503 1454 654 1491 Oceano
675 1452 871 1503 properent
892 1467 928 1490 se
947 1454 1113 1506 tinguere
1134 1456 1227 1494 soles

214 1522 389 1564 Hiberni‚
411 1521 464 1558 vel
486 1535 577 1571 quae
597 1520 708 1558 tardis
732 1533 831 1557 mora
853 1521 1023 1559 noctibus
1042 1523 1179 1561 obstet.

214 1589 293 1632 Sin,
314 1589 381 1625 has
397 1603 440 1625 ne
459 1588 593 1638 possim
618 1596 766 1624 naturae
785 1587 957 1624 accedere
977 1597 1111 1639 partes,

214 1655 387 1706 Frigidus
407 1654 593 1691 obstiterit
613 1654 752 1691 circum
772 1653 985 1703 praecordia
1005 1655 1151 1707 sanguis
1170 1671 1182 1702 ;

214 1723 318 1761 Rura
337 1722 439 1766 mihi,
457 1730 495 1758 et
516 1721 611 1772 rigui
631 1720 797 1771 placeant
816 1720 850 1757 in
872 1720 1024 1759 vallibus
1043 1735 1165 1761 amnes
1183 1739 1194 1763 ε

213 1788 382 1827 Flumina
402 1802 516 1825 amem
537 1787 714 1837 silvasque
734 1786 924 1839 inglorius.
982 1788 1033 1831 O,
1055 1789 1117 1826 ubi
1136 1791 1271 1842 campi,

214 1856 507 1907 Spercheosque,
527 1863 578 1898 et,
600 1853 801 1904 virginibus
821 1853 1001 1892 bacchata
1021 1855 1218 1903 Lacaenis,

213 1923 389 1974 Taygeta
409 1925 416 1960 !
451 1935 487 1965 ο,
517 1920 579 1971 qui
600 1934 655 1957 me
676 1919 806 1971 gelidis
825 1919 859 1956 in
881 1919 1032 1958 vallibus
1054 1922 1192 1962 Haemi

214 1990 342 2031 Sistat‚
363 1996 401 2025 et
421 1987 561 2038 ingenti
581 1999 763 2023 ramorum
782 1995 958 2038 protegat
978 1988 1105 2026 umbra
1122 1991 1132 2027 !

268 2055 386 2098 Felix,
408 2053 470 2104 qui
490 2053 615 2103 potuit
635 2067 754 2090 rerum
775 2067 997 2105 cognoscere
1017 2069 1160 2094 caussas
1177 2072 1189 2102 ;

214 2121 346 2171 Atque
367 2129 484 2157 metus
503 2119 632 2164 omnis,
653 2129 690 2157 et
710 2120 931 2158 inexorabile
951 2120 1082 2165 fatum,

214 2188 377 2239 Subjecit
394 2187 563 2238 pedibus,
582 2186 851 2239 strepitumque
871 2187 1105 2228 Acherontis
1123 2188 1216 2227 avari
1234 2193 1244 2227 Ξ
