1493 2605
248 314 322 351 162
513 326 524 332 ·
557 314 858 355 AENEIDOS
916 317 973 355 ΙΙ.
1157 321 1293 357 v.411.

243 426 462 464 Nostrorum
483 429 683 471 obruimur,
712 429 901 480 oriturque
921 428 1114 467 miserrima
1133 431 1276 477 caedes,

242 494 446 531 Armorum
468 494 572 539 facie,
600 506 635 533 et
658 496 852 547 Grajarum
867 511 985 534 errore
1002 499 1184 549 jubarum.

241 559 341 598 Tum
367 562 498 602 Danai.
519 563 659 613 gemitu
677 572 788 613 atque
807 573 951 613 ereptae
972 564 1116 614 virginis
1135 566 1199 610 ira,

244 627 420 677 Undique
439 629 582 666 collecti
605 630 772 667 invadunt
791 646 801 675 ;
831 630 1024 668 acerrimus
1046 632 1160 683 Ajax,

242 694 294 732 Et
315 695 448 746 gemini
469 696 643 741 Atridae,
673 697 939 748 Dolopumque
958 699 1140 736 exercitus
1163 700 1292 739 omnis.

242 762 399 800 Advcrsi
420 772 531 813 rupto
551 777 617 800 ceu
638 764 820 814 quondam
841 765 985 801 turbine
1005 765 1100 802 venti

240 830 473 881 Confligunt‚
494 832 779 882 Zephyrusque,
798 831 1006 881 Notusque,
1026 841 1062 869 et
1077 832 1190 870 laetus
1203 833 1292 870 Eo'i's

239 898 364 936 Eurus
382 899 486 948 equis
503 913 512 936 :
545 898 703 935 stridunt
723 897 842 941 silvae,
862 899 1044 949 saevitque
1064 900 1213 938 tridenti

240 966 420 1016 Spumeus
440 975 550 1016 atque
570 965 642 1002 imo
663 965 805 1003 Nereus
824 965 896 1003 ciet
916 979 1072 1017 aequora
1091 966 1218 1005 fundo.

240 1033 296 1071 Ill'
318 1035 439 1078 etiam,
461 1035 488 1071 si
508 1047 600 1082 quos
619 1041 773 1069 obscura
792 1042 900 1070 nocte
920 1047 984 1082 per
1003 1035 1168 1072 umbram

239 1101 416 1139 Fudimus
436 1100 583 1143 insidiis,
604 1108 758 1150 totaque
777 1099 992 1151 agitavimus
1013 1100 1114 1145 urbe,

237 1170 436 1220 Apparent
456 1184 464 1206 :
498 1168 604 1218 pn‘mi
625 1167 775 1217 clipeos,
804 1166 1029 1218 mentitaque
1048 1168 1133 1212 tela,

237 1236 481 1287 Agnoscunt,
502 1245 612 1286 atque
631 1248 694 1271 ora
713 1248 801 1271 sono
821 1234 1002 1272 discordia
1025 1235 1182 1286 signant.

239 1303 346 1340 Ilicet
368 1303 556 1339 obruimur
575 1316 722 1339 numero
740 1317 749 1339 :
780 1301 988 1352 primusque
1019 1302 1210 1340 Coroebus

239 1369 386 1407 Penele'i
403 1370 546 1412 dextra,
567 1368 668 1404 divae
687 1367 938 1417 armipotentis
957 1368 1003 1404 ad
1023 1381 1132 1412 aram,

237 1437 453 1476 Procumbit
472 1451 482 1473 :
513 1435 610 1472 cadit
631 1444 668 1472 et
694 1434 871 1484 Rhipeus,
887 1434 1106 1484 justissimus
1126 1449 1218 1473 unus

236 1506 311 1552 Qui
334 1504 403 1541 fuit
423 1503 456 1539 in
479 1502 649 1545 Teucris,
667 1513 705 1538 et
724 1501 1006 1538 servantissimus
1024 1502 1154 1552 aequi:

235 1572 308 1609 Dis
329 1571 432 1608 aliter
451 1570 590 1607 visum:
621 1577 775 1619 pereunt
796 1568 1044 1619 Hypanisque
1058 1569 1288 1621 Dymasque,

233 1637 382 1676 confixi
400 1650 421 1673 a
441 1636 546 1674 sociis
564 1652 575 1681 ;
605 1650 670 1673 nec
690 1645 728 1673 te
747 1645 811 1672 tua
832 1635 997 1686 plurima,
1027 1636 1191 1681 Panthu,

234 1706 440 1743 Labentem
459 1704 588 1754 pietas,
617 1717 682 1740 nec
703 1701 889 1755 Apollinis
908 1701 1024 1740 infula
1042 1703 1149 1741 texit.

234 1772 338 1809 Iliaci
358 1772 506 1814 cineres,
534 1779 570 1808 et
591 1768 733 1806 flamma
751 1779 911 1807 extrema
932 1767 1108 1815 meorum,

232 1838 383 1880 Testor,
403 1838 438 1874 in
460 1850 592 1874 occasu
611 1846 731 1874 vestro
751 1850 815 1874 nec
834 1836 906 1874 tela
925 1851 991 1874 nec
1011 1835 1102 1874 ullas

233 1905 414 1943 Vitavisse
434 1905 529 1941 vices
549 1904 748 1948 Danafim;
777 1912 829 1947 et,
858 1903 887 1940 si
906 1901 982 1939 fata
1001 1902 1153 1940 fuissent

233 1973 289 2011 Ut
311 1971 490 2015 caderem,
511 1970 682 2008 meruisse
701 1983 821 2007 mauu.
868 1968 1089 2008 Divellimur
1106 1968 1203 2012 inde,

234 2039 382 2088 Iphitus
401 2046 438 2074 et
458 2037 576 2075 Pelias
596 2050 735 2074 mecum
752 2051 764 2081 ;
794 2049 950 2086 quorum
972 2035 1119 2085 Iphitus
1143 2048 1231 2072 aevo

230 2106 310 2143 =lam
332 2104 490 2155 gravior,
513 2102 630 2140 Pelias
649 2112 686 2140 et
707 2102 849 2140 volnere
868 2102 995 2139 tardus
1016 2101 1150 2147 Ulixi;

234 2172 414 2209 Protenus
434 2170 479 2206 ad
499 2170 598 2207 sedes
619 2169 753 2208 Priami
771 2169 927 2207 clamore
946 2168 1077 2206 vocati.

236 2238 314 2279 Hie
334 2252 418 2275 vero
439 2238 624 2291 ingentem
644 2251 818 2290 pugnam,
838 2251 906 2277 ceu
925 2246 1045 2275 cetera
1064 2249 1239 2286 nusquam
