1529 2693
159 327 191 350 v,
216 313 277 350 15.·
492 308 730 368 ECLOGA
789 310 870 348 111.
1185 310 1209 348 9

158 421 225 465 Et,
245 419 274 458 si
290 432 360 458 non
379 418 497 471 aliqua
515 420 710 465 nocuisses,
731 428 894 458 mortuus
913 432 1018 458 esses·

580 486 778 525 Menalcas.

156 552 258 603 Quid
271 552 405 590 domini
424 552 571 597 faciant,
587 553 720 589 audent
740 566 854 602 quum
871 552 956 590 talia
975 551 1070 590 fures
1090 555 1097 589 l

154 619 240 659 Non
259 633 328 670 ego
347 628 384 656 te
403 619 475 655 vidi
495 619 686 663 Damonis,
707 618 871 668 pessime,
890 632 1042 669 caprum

154 685 335 735 Excipere
354 685 500 728 insidiis,
519 684 673 721 multum
692 683 845 721 latrante
866 684 1027 734 Lycisca
1049 686 1062 722 ἒ

153 751 222 796 Et,
243 765 356 801 quum
374 751 577 795 clamarem,
599 752 685 801 Quo
705 765 800 787 nunc
823 764 857 788 se
877 751 1033 801 proripit
1052 751 1109 788 ille
1127 752 1139 788 ?

152 818 300 868 Tityre,
319 832 412 869 coge
431 831 540 867 pecus
559 833 570 863 ;
600 827 642 853 tu
664 826 749 867 post
770 828 913 854 carecta
932 817 1082 856 latebas.

562 884 766 922 Damoetas.

151 951 219 988 An
238 950 339 994 mihi,
359 950 539 987 cantando
557 949 688 993 victus,
707 963 778 985 non
798 950 965 987 redderet
983 949 1056 994 ille,

152 1019 274 1067 Quem
293 1031 370 1054 mea
388 1016 605 1053 carminibus
623 1016 810 1052 meruisset
830 1016 964 1060 fistula,
979 1029 1128 1066 caprum
1143 1018 1156 1055 Β

153 1084 192 1122 Si
211 1083 338 1128 nescis,
357 1096 456 1119 meus
474 1082 533 1119 ille
553 1096 662 1131 caper
680 1081 774 1119 fuit:
805 1092 842 1119 et
862 1082 949 1119 mihi
968 1083 1119 1120 Damon

151 1151 238 1200 Ipse
255 1149 454 1193 fatebatur,
475 1148 536 1186 sed
555 1148 703 1185 reddere
723 1162 828 1198 posse
848 1150 1016 1200 negabat.

566 1214 763 1251 lWenalcas.

149 1283 342 1321 Cantando
362 1293 403 1320 tu
422 1281 522 1318 illum
541 1281 552 1318 ἓ
581 1290 643 1317 aut
662 1293 835 1329 umquam
854 1281 923 1319 tibi
941 1281 1062 1318 fistula
1081 1297 1162 1320 cera

148 1348 282 1385 Juncta
299 1347 371 1384 fuit
389 1348 402 1385 ?
429 1361 498 1383 non
519 1356 561 1384 tu
579 1346 615 1382 in
635 1345 760 1390 triviis,
778 1345 940 1390 indocte,
961 1346 1100 1385 solebas

151 1413 328 1451 Stridenti
346 1413 511 1450 miserum
533 1412 666 1462 stipula
686 1412 890 1462 disperdere
909 1425 1051 1450 carmen
1070 1415 1084 1451 ?

559 1479 764 1516 Damoetas.

147 1545 216 1583 Vis
234 1559 337 1597 ergo,
355 1546 449 1583 inter
467 1558 545 1589 nos,
571 1545 660 1595 quid
679 1545 794 1595 possit
812 1553 979 1594 uterque,
999 1545 1152 1583 vicissim

147 1611 418 1660 Experiamur?
444 1625 515 1662 ego
534 1611 627 1660 hanc
647 1611 796 1647 vitulam
820 1611 883 1662 (ne
903 1610 998 1648 forte
1017 1625 1172 1656 recuseS,

147 1678 213 1716 Bis
231 1677 327 1714 venit
345 1677 391 1714 ad
409 1677 613 1720 mulctram,
642 1676 746 1713 binos
765 1676 828 1713 alit
848 1677 957 1714 ubere
976 1676 1093 1727 fetus)

145 1744 309 1794 Depono
327 1758 336 1781 ς
366 1752 408 1780 tu
427 1742 500 1787 dic,
520 1756 662 1780 mecum
682 1756 756 1792 quo
776 1742 928 1792 pignore
948 1751 1076 1779 certes.

561 1810 759 1847 Menalcas.

143 1875 208 1915 De
227 1888 339 1927 grege
358 1888 427 1911 non
448 1875 561 1912 ausim
581 1875 779 1924 quidquam
801 1875 979 1924 deponere
998 1884 1119 1912 tecum
1135 1891 1146 1912 ε

144 1939 217 1980 Est
235 1941 322 1977 mihi
341 1954 494 1990 namque
513 1941 610 1977 domi
638 1950 742 1990 pater
758 1957 769 1986 3
799 1950 853 1977 est
872 1941 1002 1992 injusta
1021 1955 1171 1979 noverca
1183 1957 1199 1986 ς

143 2006 280 2057 Bisque
299 2007 356 2044 die
375 2016 562 2044 numerant
581 2007 688 2044 ambo
709 2020 832 2056 pecus,
859 2006 950 2042 alter
968 2016 1004 2043 et
1024 2006 1177 2044 haedos.·

142 2073 296 2116 Verum,
320 2073 357 2109 id
377 2074 476 2122 quod
495 2073 612 2110 multo
631 2082 710 2110 tute
729 2074 805 2122 ipse
824 2072 982 2109 fatebere
1002 2075 1128 2124 majus,

144 2138 304 2176 Insanire
321 2138 410 2176 libet
429 2139 597 2189 quoniam
616 2139 697 2183 tibi,
717 2138 851 2189 pocula
870 2151 1003 2187 ponam

144 2201 294 2255 Pagina,
314 2205 491 2243 caelatum
511 2205 621 2243 divini
641 2219 732 2256 opus
752 2203 1021 2260 Alcimedontis
1040 2219 1051 2241 ς

198 2269 314 2308 ΤοΜ.
346 2271 379 2309 Ι.
704 2271 735 2308 Β
