1493 2605
198 290 274 326 114
478 285 822 333 GEORGICON
890 285 963 324 1v.
1112 299 1145 323 v.
1161 287 1253 325 489.

201 401 297 438 Cum
316 397 472 435 clamore
492 398 562 435 ruit
584 412 731 449 magno,
753 396 973 447 manicisque
986 398 1169 448 Jacentem

204 465 391 515 Occupat.
452 464 531 507 llle,
552 478 635 501 suae
653 473 781 500 contra
801 477 871 500 non
891 463 1078 501 immemor
1098 463 1198 509 artis,

204 532 339 572 Omnia
369 531 600 570 transformat
621 545 695 569 sese
716 531 750 567 in
772 531 941 569 miracula
962 546 1094 576 rerum,
1141 534 1253 582 [tem.

205 600 422 651 Ignemque,
443 599 722 650 horribilemque
741 598 866 643 feram,
882 600 1101 650 fluviumque
1119 600 1257 650 liquen-

203 667 358 710 Verum,
378 666 440 703 ubi
461 665 556 703 nulla
576 666 701 717 fugam
722 666 855 717 reperit
876 667 1039 717 pellacia,
1059 666 1176 704 victus

205 733 249 770 In
271 747 346 770 sese
366 733 472 777 redit,
491 742 601 783 atque
620 732 773 770 hominis
791 733 934 770 tandem
955 748 1017 771 ore
1037 734 1182 771 locutus
1199 748 1210 771 ι

206 801 302 838 Nam
316 800 394 850 quis
408 802 638 851 te‚juvenum
652 800 969 845 confidentissime,
982 810 1120 838 nostras
1153 800 1255 851 [ille:

204 867 318 906 Jussit
334 867 429 904 adire
445 867 573 904 domus
588 868 600 904 ἶ
629 867 760 919 quidve
776 867 857 904 hinc
874 867 967 917 petis
982 868 994 905 ἓ
1022 867 1152 917 inquit.
1195 868 1258 906 At

209 934 302 978 Scis,
312 935 462 977 Proteu,
476 935 545 972 scis
558 935 647 984 ipse,
659 948 774 984 neque
786 944 840 971 est
854 943 890 971 te
902 933 1023 972 fallere
1036 934 1258 985 quidquam;

207 1001 279 1040 Sed
300 1011 341 1038 tu
362 1001 482 1038 desine
501 1000 602 1038 velle.
661 1001 785 1039 Deum
807 1011 1001 1051 praecepta
1021 1002 1152 1046 secuti,

206 1068 382 1105 Venimus
402 1067 485 1104 hinc
514 1067 622 1118 lapsis
641 1068 844 1117 quaesitum
863 1067 1009 1105 oracula
1030 1069 1150 1106 rebus.

209 1134 376 1172 Tantum
396 1133 539 1171 effatus.
598 1135 666 1171 Ad
694 1134 781 1172 haec
802 1143 901 1172 vates
921 1135 953 1171 vi
974 1135 1127 1185 denique
1146 1133 1261 1173 multa

207 1200 388 1239 Ardentis
407 1199 534 1238 oculos
551 1201 694 1238 intorsit
709 1201 841 1238 lumine
861 1201 1010 1253 glauco,

208 1267 276 1312 Et,
297 1270 454 1318 graviter
472 1266 651 1311 frendens,
680 1268 730 1305 sic
749 1267 833 1305 fatis
852 1281 915 1305 ora
937 1268 1083 1305 resolvit
1103 1283 1114 1306 ε

262 1336 348 1374 Non
369 1344 406 1372 te
426 1334 555 1371 nullius
574 1343 745 1372 exercent
765 1335 918 1372 numinis
937 1337 1034 1373 irae:

210 1402 352 1453 Magna
369 1401 439 1438 luis
457 1402 664 1439 commissa:
686 1401 752 1439 tibi
768 1402 831 1440 has
856 1402 1064 1439 miserabilis
1087 1402 1261 1452 Orpheus

210 1469 328 1508 Haud
341 1481 522 1519 quaquam
534 1469 582 1505 ob
595 1467 763 1506 meritum
779 1482 926 1520 poenas,
942 1470 976 1505 ni
989 1468 1064 1506 fata
1080 1469 1261 1516 resistant,

209 1538 373 1576 suscitat
391 1553 401 1581 ;
429 1546 466 1573 et
481 1545 586 1586 rapta
606 1537 765 1587 graviter
783 1550 853 1586 pro
871 1538 1028 1587 conjuge
1049 1536 1174 1574 saevit.

210 1605 279 1642 Illa
299 1604 458 1654 quidem,
478 1603 565 1640 dum
584 1611 621 1640 te
640 1602 784 1653 fugeret
805 1616 869 1654 per
889 1602 1035 1639 flumina
1055 1616 1242 1654 praeceps,

211 1675 412 1712 Immanem
430 1680 512 1708 ante
532 1669 642 1720 pedes
656 1669 814 1720 hydrum
830 1668 1003 1705 moritura
1022 1668 1156 1718 puella,

213 1740 423 1778 Sex-vantem
442 1737 552 1787 ripas,
572 1735 643 1773 alta
663 1749 733 1772 non
754 1735 843 1772 vidit
864 1736 898 1772 in
922 1736 1046 1773 herba.

172 1814 180 1849 '2
212 1807 274 1844 At
292 1805 425 1842 chorus
445 1803 603 1854 aequalis
631 1803 828 1853 Dryadum
847 1801 1002 1839 clamore
1023 1815 1210 1853 supremos

215 1871 419 1922 Implerunt
438 1871 571 1907 montis
588 1886 599 1916 3
630 1871 761 1907 flerunt
784 1870 1023 1919 Rhodopeiae
1045 1883 1157 1914 arces,

211 1940 381 1989 Altaque
403 1939 582 1989 Pangaea,
602 1947 640 1975 et
663 1937 778 1974 Rhesi
798 1936 983 1975 Mavortia
1001 1936 1124 1980 tellus,

211 2009 344 2057 Atque
366 2007 496 2050 Getae,
516 2014 627 2055 atque
649 2004 813 2048 Hebrus,
833 2012 871 2041 et
890 2003 1027 2041 Actias
1049 2003 1234 2054 Orithyia.

214 2075 313 2124 Ipse,
341 2085 427 2110 cava
447 2071 565 2109 solans
585 2085 734 2123 aegrum
753 2070 936 2108 testudine
956 2083 1130 2115 amorem,

213 2141 286 2185 Te,
315 2138 429 2176 dulcis
449 2141 624 2190 conjunx,
651 2147 689 2174 te
710 2137 788 2174 solo
807 2137 843 2174 in
862 2136 986 2174 littore
1005 2150 1142 2184 secum,

216 2205 275 2244 Te
294 2205 457 2244 veniente
477 2205 548 2252 die,
577 2213 614 2244 te
633 2204 844 2252 decedente,
863 2204 1029 2244 canebat.
