1493 2605
213 245 264 285 '76
494 245 843 286 GEORGICON
901 248 959 286 11.
1126 264 1158 289 v.
1177 252 1267 296 521.

210 356 264 395 Et
284 358 399 395 varios
418 358 522 409 ponit
544 357 640 396 fctus
660 367 903 404 auctumnus;
932 368 969 397 et
991 359 1062 398 alta

208 423 318 462 Mitis
339 424 372 463 in
394 425 524 475 apricis
544 424 719 474 coquitur
739 425 917 463 vindemia
945 426 1050 465 saxis.

209 491 353 528 Interea
372 491 497 529 dulces
521 492 679 542 pendent
700 491 839 528 circum
859 491 983 530 oscula
1002 493 1075 531 nati
1094 509 1105 540 ;

206 558 319 596 Casta
340 558 554 608 pudicitiam
576 566 693 595 servat
714 558 870 604 domus;
900 559 1008 597 ubera
1028 573 1158 598 vaccae

206 625 347 662 Lactca
368 625 566 662 demittunt
586 640 596 670 ;
627 625 855 676 pinguesque
876 625 910 662 in
931 626 1093 678 gramine
1112 626 1210 666 laeto

206 690 309 728 Inter
328 705 364 728 se
385 691 540 728 adversis
561 690 747 729 luctantur
767 692 937 731 cornibus
958 692 1075 741 haedi.

205 756 291 807 Ipse
310 757 386 795 dies
405 757 522 809 agitat
543 757 656 796 festos
672 774 682 804 ;
713 758 888 809 fususque
908 773 974 810 per
989 760 1154 805 herbam,

204 823 308 875 Ignis
328 825 390 861 ubi
410 825 446 861 in
468 825 601 870 medio,
620 834 656 862 et
677 826 764 862 socii
784 835 924 863 cratera
943 835 1134 872 coronant,

202 888 277 935 Te,
296 890 426 935 libans,
448 891 608 937 Lenaee,
629 902 761 937 vocat;
793 892 1006 943 pecorisque
1026 892 1208 945 magistris

202 957 352 995 Velocis
367 959 477 1009 jaculi
498 959 695 996 certamina
720 959 823 1009 ponit
845 959 878 995 in
901 959 999 997 ulmo
1018 976 1028 1006 ;

201 1023 442 1076 Corporaque
457 1027 592 1076 agresti
608 1026 747 1062 nudant
764 1026 942 1076 praedura
961 1027 1149 1077 palaestra.

257 1090 370 1128 Hanc
390 1091 477 1128 olim
497 1102 635 1130 veteres
655 1093 767 1130 vitam
786 1093 931 1131 coluere
954 1093 1077 1132 Sabini
1095 1110 1106 1140 ;

200 1157 313 1195 Hanc
337 1157 477 1196 Remus
495 1168 532 1196 et
552 1158 690 1197 frater:
723 1159 773 1197 sic
794 1159 900 1197 fortis
922 1160 1075 1198 Etruria
1095 1159 1207 1208 crevit
1225 1176 1236 1208 ς

202 1223 350 1262 Scilicet
366 1234 404 1262 et
424 1239 544 1263 rerum
559 1225 656 1265 facta
675 1235 729 1264 est
749 1226 993 1277 pulcherrima
1018 1227 1150 1272 Roma,

200 1292 425 1342 Septemque
446 1306 516 1329 una
536 1292 603 1330 sibi
622 1306 726 1330 muro
746 1292 988 1330 circumdedit
1009 1306 1119 1332 arces,

198 1358 306 1395 Ante
325 1358 432 1396 etiam
454 1368 637 1411 sceptrum
658 1359 810 1397 Dictaei
828 1359 936 1411 regis,
956 1368 991 1397 et
1013 1368 1096 1398 ante

201 1424 321 1475 Impia
341 1439 450 1475 quam
469 1426 581 1463 caesis
601 1439 690 1477 gens
709 1435 763 1463 est
782 1425 929 1476 epulata
943 1427 1120 1479 juvencis,

193 1493 352 1530 *Aureus
371 1493 463 1531 hanc
486 1493 595 1530 vitam
616 1494 650 1530 in
671 1493 775 1530 terris
799 1494 978 1531 Saturnus
997 1495 1144 1546 agebat.

199 1560 371 1598 Necdum
391 1561 501 1597 etiam
521 1560 706 1598 audierant
726 1560 842 1598 inflari
863 1559 1024 1607 classica,
1045 1561 1201 1600 necdum

201 1627 402 1676 Impositos
422 1627 522 1664 duris
541 1627 720 1677 crepitare
739 1627 931 1665 incudibus
950 1641 1064 1665 enses.

253 1692 329 1730 Sed
347 1707 412 1731 nos
431 1693 645 1732 immensum
674 1693 800 1744 spatiis
821 1693 1045 1731 confecimus
1063 1707 1228 1750 aequ0r3

201 1759 256 1797 Et
271 1761 346 1812 jam
366 1768 512 1812 tempus
531 1760 667 1812 equum
687 1760 864 1799 fumantia
882 1760 1018 1800 solvere
1037 1761 1142 1804 colla.

914 2172 958 2210 P.
987 2170 1247 2218 VIRGILIX'
