1529 2693
273 360 300 396 4
642 354 948 394 BUCOLICA.
1204 368 1238 390 v.
1261 356 1323 392 61.

271 467 326 506 Et
347 466 437 504 freta
457 465 654 503 destituent
676 467 790 502 nudos
810 466 844 501 in
863 464 987 502 littore
1007 465 1140 514 piscis;

270 534 392 577 Ante,
413 532 600 583 pererratis
619 532 804 568 amborum
826 530 969 574 finibus,
987 531 1089 567 exsul

271 600 359 637 Aut
381 599 530 636 Ararim
552 598 708 635 Parthus
727 597 842 641 bibet,
862 607 925 634 aut
943 597 1138 636 Germania
1153 597 1327 649 Tigrim;

273 666 398 715 Quam
416 673 539 702 nostro
558 663 650 700 illius
669 663 812 701 labatur
834 673 983 713 pectore
1001 663 1133 701 voltus.

710 731 910 769 Meliboeus.

276 798 338 836 At
358 812 424 836 nos
443 797 541 841 hinc,
570 797 628 834 alii
650 796 802 834 sitientis
822 797 952 834 ibimus
973 796 1091 834 Afros
1109 812 1120 842 ς

273 865 364 903 Pars
385 864 575 915 Scythiam
590 873 626 901 et
642 864 806 914 rapidum
827 865 957 902 Cretae
973 864 1151 901 veniemus
1172 863 1328 909 Oaxem,

274 930 344 973 Et,
364 931 508 980 penitus
527 939 610 968 toto
628 930 758 967 divisos
776 931 877 974 orbe,
900 930 1106 969 Britannos.

276 996 336 1034 En
355 999 363 1034 l
397 1010 568 1047 umquam
589 997 724 1047 patrius
743 996 856 1048 longo
876 1005 960 1046 post
980 1005 1143 1046 tempore
1164 996 1258 1040 finis,

277 1063 451 1112 Pauperis
469 1072 506 1100 et
525 1065 650 1114 tuguri
671 1071 886 1114 congestum
905 1062 1041 1112 cespite
1070 1061 1225 1106 culmen,

276 1129 368 1166 Post
387 1128 541 1179 aliquot,
570 1142 646 1166 mea
666 1143 775 1180 regna
794 1128 916 1166 videns
934 1129 1104 1173 mirabor,
1124 1129 1249 1166 aristas
1265 1129 1281 1167 ἓ

278 1195 421 1245 Impius
439 1195 529 1233 haec
549 1204 625 1232 tam
644 1194 742 1232 culta
773 1195 910 1232 novalia
930 1194 1030 1232 miles
1050 1195 1198 1232 habebit
1215 1196 1229 1233 ?

277 1261 459 1299 Barbarus
478 1262 542 1298 has
561 1271 699 1312 segetes
717 1262 729 1298 ἓ
756 1275 814 1305 en,
835 1275 909 1311 quo
929 1261 1107 1298 discordia
1126 1261 1213 1298 civis

276 1328 456 1366 Perduxit
474 1328 620 1364 miseros
637 1330 645 1364 !
678 1340 734 1370 cn,
755 1330 835 1376 quis
849 1327 1070 1364 consevimus
1090 1341 1197 1378 agros
1215 1330 1223 1365 !

279 1395 402 1431 Insere
422 1408 530 1437 nunc,
551 1393 748 1437 Meliboee,
767 1393 878 1443 piros,
898 1407 991 1443 pone
1011 1393 1135 1430 ordine
1153 1392 1248 1430 vitis.

279 1461 353 1505 Ite,
372 1473 483 1503 meae,
504 1459 590 1496 felix
611 1459 791 1508 quondam
812 1473 935 1508 pecus,
954 1459 1017 1502 ite,
1035 1459 1204 1508 capellae.

279 1527 366 1565 Non
386 1539 457 1576 ego
477 1539 539 1562 vos
558 1525 723 1576 posthac,
738 1525 840 1561 viridi
858 1527 1038 1576 projectus
1057 1525 1091 1560 in
1112 1534 1229 1570 antro,

279 1593 448 1631 Dumosa
467 1592 618 1643 pendere
646 1591 774 1641 procul
794 1592 838 1628 de
857 1605 946 1641 rupe
966 1591 1094 1628 videbo
1111 1606 1122 1636 3

279 1658 448 1697 Carmina
467 1657 563 1694 nulla
581 1671 706 1695 canam
724 1673 736 1703 ;
765 1671 849 1702 non,
869 1671 924 1694 me
944 1666 1126 1707 pascente,
1146 1657 1318 1708 capellae,

281 1724 492 1763 Florentem
511 1723 669 1773 cytisum
688 1733 726 1762 et
746 1723 872 1761 salices
891 1723 1049 1774 carpetis
1068 1737 1216 1761 amaras.

719 1791 755 1829 T
751 1792 876 1843 ityrus.

281 1855 361 1894 Hic
381 1865 498 1893 tamen
519 1857 610 1894 hanc
629 1871 769 1895 mecum
789 1865 934 1907 poteras
953 1857 1173 1908 requiescere
1192 1866 1336 1895 noctem

281 1924 425 1962 Fronde
445 1937 553 1973 super
571 1923 672 1960 viridi
689 1939 699 1961 :
731 1933 813 1960 sunt
833 1924 934 1961 nobis
954 1924 1054 1960 mitia
1073 1937 1195 1973 poma,

281 1991 480 2030 Castaneae
499 1989 637 2032 molles,
658 1999 695 2026 et
717 1990 828 2040 pressi
847 1989 951 2039 copia
972 1989 1075 2027 lactis
1093 2005 1104 2034 ;

282 2058 335 2094 Et
350 2059 424 2108 jam
443 2069 579 2094 summa
598 2056 726 2106 procul
745 2056 905 2093 villarum
926 2056 1081 2093 culmina
1100 2055 1256 2101 fumant,

283 2123 513 2174 Majoresque
533 2123 669 2162 cadunt
686 2122 768 2162 altis
787 2123 831 2161 de
850 2123 1032 2161 montibus
1053 2124 1211 2160 umbrae.

1098 2254 1335 2302 ECLOGA
