1493 2605
176 273 209 299 v.
227 262 317 300 243.
454 258 800 300 GEORGICON
856 260 928 299 IV.
1149 266 1221 305 107

175 371 303 410 Stellio
322 387 332 416 ;
360 379 398 409 et
416 370 584 422 lucifugis
611 380 785 422 congesta
804 371 936 409 cubilia
955 372 1080 410 blattis
1098 390 1110 420 3

173 438 417 488 Immunisque
437 437 562 475 sedens
581 437 691 474 aliena
710 438 755 475 ad
777 438 908 488 pabula
925 437 1045 484 fucus,

169 504 256 542 Aut
275 517 378 554 asper
395 503 523 541 crabro
544 503 738 553 imparibus
758 517 794 540 se
812 503 1006 542 immiscuit
1026 504 1131 542 armis
1148 519 1159 550 ς

169 570 256 608 Aut
274 570 406 614 dirum,
426 570 554 614 tineae,
573 583 689 621 genus
706 584 716 608 ε
747 580 810 607 aut
828 570 939 607 invisa
960 570 1144 608 Minervae

169 634 295 673 Laxos
313 636 348 672 in
368 636 506 673 foribus
522 635 707 685 suspendit
727 649 852 673 aranea
871 649 997 675 casses,

169 702 256 751 Quo
275 702 390 753 magis
407 702 601 739 exhaustae
620 701 767 745 fuerint,
786 702 857 739 hoc
877 704 992 741 acrius
1011 716 1132 741 omnes

168 768 387 805 Incumbent
401 768 540 819 generis
559 768 649 818 lapsi
670 769 798 806 sarcire
818 769 948 814 ruinas,

166 833 486 885 Complebuntque
505 834 618 879 foros,
645 844 682 872 et
703 835 850 872 floribus
869 836 997 873 horrea
1015 847 1154 875 texerit.

220 900 260 938 Si
279 915 375 945 vero,
396 901 565 951 quoniam
579 915 682 939 casus
701 902 829 952 apibus
849 915 994 952 quoque
1013 911 1159 940 nostros

166 967 255 1004 Vita
274 967 372 1011 tulit,
391 967 486 1004 tristi
505 967 731 1018 languebunt
751 982 904 1018 corpora
923 969 1065 1013 morbo,

165 1033 280 1082 Quod
294 1035 369 1084 jam
389 1047 459 1070 non
480 1033 598 1070 dubiis
618 1033 752 1083 poteris
778 1047 999 1084 cognoscere
1019 1034 1155 1085 signis;

166 1100 374 1151 (Continuo
392 1109 446 1137 est
465 1100 579 1151 aegris
599 1099 686 1137 alius
705 1100 806 1137 color
823 1116 834 1146 3
863 1101 1008 1138 horrida
1026 1101 1168 1139 voltum

161 1166 360 1205 Deformat
378 1167 506 1204 macies
523 1183 534 1212 ς
564 1177 642 1204 tum
662 1181 815 1217 corpora
833 1167 913 1204 luce
932 1178 1117 1205 carentum

162 1234 372 1283 Exportant
390 1234 510 1278 tectis,
530 1243 566 1269 et
585 1233 701 1270 tristia
719 1233 844 1270 funera
863 1234 1028 1280 ducunt;

159 1299 247 1337 Aut
266 1299 343 1336 illae
362 1300 515 1349 pedibus
534 1313 715 1337 connexae
735 1300 781 1337 ad
804 1300 923 1337 limina
942 1301 1116 1350 pendent,

160 1365 247 1402 Aut
266 1366 362 1403 intus
381 1366 510 1403 clausis
529 1375 747 1403 cunctantur
765 1367 799 1402 in
821 1367 968 1403 aedibus
988 1380 1124 1412 omnes,

161 1432 390 1482 Ignavaeque
409 1431 515 1477 fame,
534 1442 570 1470 et
590 1442 779 1470 contracto
799 1433 934 1484 frigore
959 1434 1085 1485 pigrae
1103 1448 1113 1471 :

159 1499 258 1536 Tum
279 1512 386 1536 sonus
404 1499 548 1538 auditur
566 1500 722 1550 gravior,
752 1500 969 1550 tractimque
991 1510 1203 1547 susurrant;

160 1565 329 1616 Frigidus
348 1576 389 1603 ut
409 1566 590 1615 quondam
609 1565 702 1602 silvis
727 1566 975 1605 immurmurat
995 1569 1151 1613 Auster,

159 1634 217 1671 Ut
236 1646 332 1670 mare
351 1632 544 1670 sollicitum
563 1633 683 1670 stridit
702 1633 936 1671 refluentibus
957 1634 1077 1679 undis,

156 1699 321 1736 Aestuat
340 1708 382 1736 ut
398 1698 528 1736 clausis
550 1699 693 1751 rapidus
712 1699 920 1736 fornacibus
940 1700 1056 1751 ignis)

157 1767 236 1804 Hic
260 1769 333 1818 jam
352 1766 547 1816 galbaneos
565 1766 721 1803 suadebo
741 1766 929 1803 incendere
948 1767 1093 1812 odores,

157 1832 342 1883 Mellaque
361 1833 561 1870 arundineis
581 1832 711 1870 inferre
729 1832 926 1877 canalibus,
943 1832 1041 1870 ultro

157 1900 397 1945 Hortantem‚
416 1909 454 1937 et
474 1899 582 1937 fessas
601 1900 647 1936 ad
669 1898 801 1949 pabula
820 1908 905 1936 nota
924 1909 1124 1937 vocantem.

156 1967 324 2006 Proderit
342 1976 380 2003 et
399 1977 544 2004 tunsum
565 1965 679 2017 gallae
698 1965 892 2002 admiscere
917 1979 1095 2016 saporem,

154 2034 383 2083 Arentisque
402 2046 511 2077 rosas,
533 2042 595 2070 aut
614 2032 691 2084 igni
711 2032 861 2083 pinguia
879 2032 996 2069 multo

154 2100 330 2145 Defruta,
350 2100 405 2138 vel
425 2101 564 2139 Psithia
582 2113 706 2151 passos
726 2099 772 2136 de
793 2099 863 2135 vite
882 2111 1058 2144 racemos,

152 2168 445 2220 Cecropiumque
465 2169 645 2219 thymum,
661 2177 698 2204 et
717 2181 826 2219 grave
845 2166 977 2205 olentia
996 2174 1198 2205 centaurea.

634 2235 670 2273 O
703 2237 728 2272 2
