1493 2605
433 449 477 488 P.
508 448 763 490 VIRGILII
799 447 1064 489 MARONIS

287 608 1226 683 -GEoRGJCoN

599 797 777 837 LIBER
836 797 892 836 11.-

217 1104 261 1156 H
266 1129 460 1156 Aca-enus
480 1130 647 1155 arvorum
666 1117 787 1155 cultus
807 1125 845 1155 et
865 1118 981 1156 sidera
995 1118 1086 1157 coeli
1103 1134 1115 1165 ς

216 1184 326 1222 Nunc
346 1195 396 1229 te,
418 1183 576 1228 Bacche,
595 1197 736 1230 canam,
755 1198 894 1222 necnon
915 1185 1089 1224 silvestria
1108 1193 1230 1224 tecum

214 1241 403 1303 virgulta,
422 1260 460 1289 et
477 1251 618 1301 prolem
636 1251 738 1288 tarde
757 1252 950 1290 crescentis
969 1252 1094 1290 olivae.

214 1317 321 1363 Huc,
340 1326 444 1368 pater
462 1331 485 1354 o
505 1317 651 1355 Lenaee
669 1318 678 1355 Σ
709 1317 782 1355 tuis
801 1318 861 1356 hic
880 1319 1002 1358 omnia
1019 1319 1127 1370 plena

213 1384 430 1423 Muneribus
447 1399 459 1429 3
487 1383 554 1421 tibi
573 1383 764 1434 pampineo
779 1384 949 1436 gravidus
969 1394 1168 1423 auctumno

214 1450 339 1489 Floret
358 1464 457 1502 ager,
485 1458 628 1500 spumat
647 1450 761 1500 plenis
781 1450 958 1488 vindemia
975 1450 1110 1496 labris;

213 1518 319 1562 Huc,
339 1526 442 1567 pater
459 1530 482 1553 o
503 1517 673 1555 Lenaee!
705 1517 808 1562 veni3
838 1518 1045 1568 nudataque
1064 1526 1188 1556 musto'

212 1583 362 1635 Tingue
381 1598 476 1621 novo
496 1597 637 1621 mecum
659 1583 818 1634 dereptis
837 1598 943 1622 crura
960 1584 1164 1622 cothurnis.

265 1651 463 1703 Principio,
482 1650 670 1688 arboribus
689 1650 784 1688 varia
802 1659 858 1689 est
877 1659 1005 1688 natura
1023 1650 1198 1689 creandis,

213 1708 382 1769 Namque
401 1717 503 1763 aliae,
523 1717 626 1755 nullis
644 1718 830 1755 hominum
849 1718 1080 1768 cogentibus,
1100 1718 1199 1768 ipsae

214 1788 354 1837 Sponte
373 1793 437 1823 sua
455 1785 616 1831 veniunt,
635 1798 856 1835 camposque
871 1793 910 1822 et
926 1784 1072 1822 flumina
1089 1784 1163 1822 late

211 1855 333 1893 Curva
350 1861 501 1890 tenent:
531 1861 573 1890 ut
593 1851 700 1889 molle
719 1851 812 1896 siler,
832 1852 1022 1902 lentaeque
1044 1859 1226 1903 genestae,

211 1908 390 1971 Populus,
408 1929 446 1958 et
465 1919 595 1971 glauca
614 1919 777 1957 canentia
796 1918 924 1956 fronde
945 1918 1082 1957 salicta.

210 1988 298 2026 Pars
316 1995 437 2024 autem
456 1986 578 2037 posito
597 1994 753 2036 surgunt
772 1986 817 2022 de
836 1985 968 2023 semine
986 2001 997 2023 :
1026 1995 1068 2023 ut
1087 1985 1182 2024 altae

211 2053 422 2098 castaneae,
440 2065 698 2103 nemorumque
717 2042 800 2090 Jovi
815 2066 908 2104 quae
927 2053 1084 2090 maxima
1100 2052 1247 2091 frondet

212 2118 412 2165 Aesculus,
431 2128 555 2169 atque,
574 2119 719 2157 habitae
740 2119 863 2158 Graiis
882 2119 1040 2166 oracula,
1068 2133 1239 2172 quercus:

214 2184 375 2222 Pullulat
394 2186 439 2222 ab
459 2185 578 2224 radice
597 2185 672 2224 aliis
691 2186 900 2224 densissima
919 2185 1005 2224 silva
1021 2201 1034 2233 ;

269 2250 334 2289 To
343 2264 386 2288 M.
419 2251 452 2288 Ι.
776 2251 820 2289 Η
