1493 2605
156 336 185 359 νι,
207 320 294 360 383.
485 314 785 358 AENEIDOS
844 312 901 355 11.
1131 314 1200 355 161

158 434 344 474 Iri-nimus,
375 431 491 475 densis
510 442 547 468 et
567 430 890 469 circumfundimur
909 429 1014 467 armis
1032 444 1044 475 ς

157 490 381 551 ignarosque
401 498 471 535 loci
492 498 635 548 passim,
655 508 691 534 et
712 497 904 535 formidine
924 506 1067 547 captOS,

159 566 374 604 Sternimus.
415 565 598 614 Adspirat
618 565 733 614 primo
754 564 900 601 fortuna
917 563 1044 600 labori.

155 633 288 682 Atque
302 632 373 676 hic,
388 643 555 668 successu
575 630 756 668 exsultans
772 630 981 681 animisque,
995 630 1202 669 Coroebus:

158 700 193 736 O
216 698 326 736 socii!
362 713 432 748 qua
452 698 578 748 prima,
608 697 738 747 inquit,
759 696 905 734 fortuna
923 696 1046 733 salutis

158 765 341 802 Monstrat
358 765 438 808 iter,
455 778 597 814 quaque
611 765 771 800 ostendit
784 778 819 801 se
834 765 979 809 dextra,
1000 778 1202 814 sequamur.

159 832 349 868 Mutemus
369 831 517 881 clipeos,
537 832 780 880 Danaumque
799 830 952 881 insignia
970 832 1074 868 nobis

157 898 343 947 Aptemus
359 913 367 934 :
400 897 517 941 dolus,
538 912 580 934 an
595 898 722 941 virtus,
742 897 821 947 quis
836 897 870 933 in
891 898 996 934 hoste
1015 898 1173 947 requirat
1192 898 1206 936 ἕ

157 965 277 1001 Arma
297 965 436 1002 dabunt
455 964 535 1014 ipsi.
596 965 656 1002 Sic
673 963 781 1009 farus,
803 964 930 1001 deinde
950 973 1152 1002 comantem

157 1032 351 1082 Androgei
372 1030 524 1082 galeam,
558 1030 736 1080 clipeique
756 1030 893 1081 insigne
913 1031 1099 1075 decorum,

158 1098 343 1141 Induitur‚
362 1097 539 1147 laterique
560 1098 746 1148 Argivum
775 1097 1026 1134 accommodat
1046 1104 1178 1138 ensem.

159 1163 248 1200 Hoc
272 1164 450 1213 Rhipeus,
469 1163 539 1200 hoc
558 1163 634 1213 ipse
656 1164 813 1213 Dymas,
833 1164 1020 1213 omnisque
1035 1166 1205 1215 juventus

158 1232 277 1269 Laeta
296 1231 383 1268 facit
401 1247 412 1268 z
443 1230 566 1280 spoliis
586 1244 621 1267 se
642 1224 1029 1280 quisque'recentibus
1048 1241 1178 1269 armatr

157 1298 334 1334 Vadimus
354 1296 508 1332 immixti
529 1296 668 1333 Danais
687 1296 784 1332 haud
802 1297 945 1333 numine
964 1306 1102 1343 nostro,

158 1364 353 1415 Multaque
372 1377 438 1412 per
456 1375 599 1399 caecam
620 1361 803 1412 congressi
822 1362 959 1411 proelia
979 1373 1125 1400 noctem

159 1430 417 1474 Conserimus3
447 1427 581 1465 multos
601 1428 771 1465 Danaum
791 1427 1015 1465 demittimus
1042 1431 1155 1468 Orco,

160 1496 375 1547 Diffugiunt
395 1496 452 1532 alii
471 1495 517 1532 ad
537 1496 647 1539 navis,
666 1504 704 1532 et
724 1494 849 1532 littora
869 1509 976 1532 cursu

160 1564 251 1601 Fida
270 1572 425 1613 petunt:
457 1576 538 1612 pars
557 1562 741 1613 ingentem
759 1560 952 1599 formidine
972 1564 1073 1613 turpi

162 1632 348 1668 Scandunt
369 1644 489 1667 rursus
507 1643 654 1679 equum,
672 1638 711 1665 et.
731 1637 817 1666 nota
831 1630 1041 1666 conduntur
1060 1630 1097 1667 in
1116 1630 1208 1671 alvo,

161 1698 250 1735 Heu
267 1700 275 1734 1
308 1696 396 1733 nihil
415 1696 532 1732 invitis
559 1694 612 1732 fas
633 1709 849 1745 quemquam
870 1696 979 1733 fidere
999 1697 1101 1734 divis.

214 1765 338 1802 Ecce!
371 1763 585 1800 trahebatur
604 1762 713 1812 passis
736 1763 910 1799 Priame'i‘a
929 1763 1032 1814 virgo

160 1831 331 1870 Crinibus
351 1843 370 1865 a
390 1829 541 1879 templo,
562 1829 775 1873 Cassandra,
799 1829 991 1879 adytisque
1011 1829 1215 1878 Minervae,

160 1897 229 1934 Ad
249 1896 390 1934 coelum
411 1897 560 1933 tendens
580 1896 741 1933 ardentia
760 1896 894 1933 lumina
919 1896 1076 1937 frustra:

162 1963 322 2000 Lumina
340 1979 349 2008 3
380 1977 460 1999 nam
481 1970 620 2000 teneras
640 1963 811 2000 arcebant
831 1963 973 2000 vincula
992 1964 1139 2014 palmas.

162 2031 249 2068 Non
268 2030 353 2067 tulit
373 2030 466 2067 hanc
488 2030 643 2080 speciem
663 2029 795 2066 furiata
814 2039 934 2067 mente
954 2031 1158 2077 Coroebus,

164 2097 218 2134 Et
238 2111 313 2134 sese
333 2096 490 2134 medium
510 2096 630 2148 injecit
650 2097 832 2146 periturus
852 2096 887 2133 in
907 2111 1050 2147 agmen.

163 2163 430 2214 Consequimur
448 2163 587 2208 cuncti,
617 2175 654 2201 et
673 2163 791 2200 densis
810 2164 1023 2200 incurrimus
1042 2165 1163 2202 armis,⁴

164 2230 243 2267 Hic
266 2230 418 2279 primum
437 2245 482 2268 ex
503 2230 579 2268 alto
599 2230 739 2268 delubri
760 2230 916 2269 culmine
935 2230 1015 2268 telis

220 2296 284 2333 To
294 2311 337 2335 M.
369 2297 400 2334 I.
727 2297 763 2334 X
