1493 2605
178 322 210 345 v.
229 310 319 347 551.
494 305 794 345 AENEIDOS
852 305 912 344 11.
1152 311 1231 350 167

181 419 329 463 Traxit,
357 417 449 466 etin
469 417 585 455 multo
605 418 803 468 lapsantem
823 417 997 469 sanguine
1016 417 1115 463 nati;

180 485 441 535 Implicuitque
460 499 599 522 comam
618 485 730 527 laeva,
759 486 959 534 dextraque
979 497 1170 521 coruscum

181 551 343 596 Extulit,
371 565 412 588 ac
431 550 533 590 lateri
552 550 684 600 capulo
703 560 809 588 tenus
828 550 981 594 abdidit,
1009 564 1142 588 ensem.

181 618 289 655 Haec
309 618 388 654 finis
411 617 543 655 Priami
563 617 721 654 fatorum
738 632 748 655 ε
779 617 838 655 hic
857 618 977 654 exitus
996 615 1098 653 illum

182 684 289 721 Sorte
305 683 406 727 tulit,
427 684 577 734 Trojam
598 683 779 720 incensam
793 694 831 721 et
861 683 1029 734 prolapsa
1045 683 1225 722 videntem

181 749 359 802 Pergama
375 765 384 795 ;
398 758 456 786 tot
469 749 651 800 quondam
663 749 810 799 populis
824 751 999 799 terrisque
1015 750 1230 799 superbum⁷

182 816 431 868 Regnatorem
450 816 579 854 Asiae.
636 817 741 854 Jacet
761 816 888 867 ingens
907 816 1032 854 littore
1061 826 1225 861 truncus,

179 871 435 934 Avolsumque
449 883 608 920 humeris
627 892 753 933 caput,
772 892 810 920 et
830 884 904 919 sine
920 884 1062 920 nomine
1077 898 1224 934 corpus.

233 952 294 989 At
315 965 370 988 me
391 960 469 988 tum
489 952 644 1000 primum
665 964 789 987 saevus
814 950 1059 988 circumstetit
1080 951 1223 989 horror.

182 1018 371 1067 Obstupui
389 1032 399 1055 :
430 1017 540 1054 subiit
560 1017 632 1054 cari
653 1017 826 1068 genitoris
847 1017 983 1068 imago,

181 1086 237 1123 Ut
257 1099 380 1136 regem
399 1097 619 1132 aequaevum
639 1083 776 1120 crudeli
797 1082 938 1121 volnere
960 1084 1030 1120 vidi

179 1151 305 1188 Vitam
323 1150 577 1188 exhalantem:
608 1151 718 1187 subiit
739 1151 880 1187 deserta
900 1150 1052 1195 Creiisa,

180 1216 233 1255 Et
253 1217 393 1267 direpta
412 1217 553 1261 domus,
581 1226 618 1254 et
638 1216 738 1267 parvi
757 1230 860 1254 casus
878 1216 963 1256 Iuli.

182 1284 369 1334 Respicio‚
395 1294 447 1327 et,
475 1297 568 1333 quae
587 1283 633 1320 sit
653 1297 709 1320 me
729 1284 869 1321 circum
889 1283 1009 1334 copia,
1037 1283 1167 1322 lustro.

180 1350 385 1388 Deseruere
403 1364 526 1387 omnes
545 1349 691 1395 defessi,
719 1359 756 1386 et
776 1363 932 1399 corpora
952 1349 1046 1387 saltu

178 1418 247 1455 Ad
267 1429 397 1454 terram
416 1418 556 1461 misere,
583 1425 647 1454 aut
666 1416 812 1468 ignibus
832 1430 940 1468 aegra
959 1417 1113 1455 dederes

203 1485 356 1534 Jamque
371 1484 461 1521 adeo
477 1498 585 1535 super
597 1497 690 1520 unus
703 1496 799 1520 eram
809 1497 940 1534 ;quum
954 1483 1075 1520 limina
1089 1484 1224 1522 Vestae

180 1551 403 1595 Servantem,
428 1560 467 1588 et
486 1551 635 1588 tacitam
654 1559 792 1588 secreta
811 1551 847 1587 in
866 1551 948 1588 sede
968 1550 1156 1594 latentem,

178 1616 392 1667 Tyndarida
411 1617 596 1668 adspicio:
628 1618 715 1654 dant
734 1617 830 1654 clara
848 1617 1010 1654 incendia
1027 1616 1145 1654 lucem

179 1683 340 1727 Erranti,
369 1683 573 1734 passimque
592 1683 719 1720 oculos
739 1698 804 1733 per
821 1693 955 1720 cuncta
974 1683 1116 1721 ferenti.

178 1749 261 1794 Illa,
291 1750 359 1786 sibi
378 1749 529 1787 infestos
557 1763 679 1787 eversa
697 1750 746 1787 ob
767 1750 944 1801 Pergama
964 1750 1146 1795 Teucros,

177 1818 230 1855 Et
249 1830 384 1867 poenas
402 1818 589 1861 Damssm,
616 1826 654 1854 et
675 1817 806 1855 deserti
825 1818 991 1870 conjugis
1010 1819 1093 1863 iras,

178 1884 447 1928 praemetuens,
468 1886 602 1935 Trojae
622 1894 660 1921 et
679 1884 816 1934 patriae
829 1885 1029 1928 communis
1048 1886 1220 1937 Erinnys,

177 1950 388 1988 Abdiderat
408 1964 496 1994 sese,
525 1962 635 2001 atque
654 1951 722 1988 aris
741 1951 852 1988 invisa
873 1952 1036 1989 sedebat.

178 2017 354 2055 Exarsere
374 2017 474 2068 ignes
493 2018 611 2055 animo
629 2033 640 2063 ;
673 2018 772 2055 subit
791 2018 843 2055 ira
861 2019 1055 2057 cadentem

179 2084 317 2123 Ulcisci
338 2085 506 2135 patriam,
534 2095 571 2122 et
593 2085 783 2123 sceleratas
804 2100 944 2123 sumere
963 2099 1111 2137 poenas.

180 2150 327 2188 Scilicet
342 2151 431 2189 haec
450 2153 621 2202 Spartam
637 2152 840 2207 incolumis,
855 2152 1225 2204 patriasqueMycen,

180 2218 389 2268 Adspiciet‚
418 2229 598 2271 partoque
616 2220 683 2258 ibit
703 2220 827 2271 regina
845 2219 1034 2271 triumpho
1052 2221 1065 2257 ἓ
1146 2222 1232 2271 [asr
