1493 2605
142 346 175 371 w
194 335 284 372 ιιι.
460 330 764 393 AENEIDOS
823 330 896 369 1v.
1120 321 1199 373 217‘

141 444 291 482 Misceri
310 452 392 485 ante
411 442 538 481 oculos
558 442 669 480 tantis
689 441 908 480 clamoribus
927 455 1064 492 aequor
1080 442 1094 480 ?

142 511 317 561 Improbe
337 520 450 554 amor,
479 510 569 559 quid
589 523 659 546 non
680 508 845 546 mortalia
865 517 1016 560 pectora
1034 508 1164 560 cogis?

140 577 200 614 Ire
218 576 350 613 iterum
369 576 404 612 in
424 575 600 620 lacrimas,
628 575 760 612 iterum
775 583 917 612 tentare
936 574 1136 626 precandO,

139 644 312 695 Cogitur,
331 655 368 681 et
389 643 542 693 suPplex
563 643 700 680 animos
720 642 932 680 submittere
952 641 1091 686 amori;

138 711 197 749 Ne
217 711 306 762 quid
325 711 554 761 inexpertum
575 709 710 746 frustra
729 709 903 746 moritura
921 708 1117 758 relinquat.

190 780 318 821 Anna,
339 777 436 814 vides
454 786 537 813 toto
556 775 742 827 properari
760 774 885 812 littore
903 790 913 813 ι
943 775 1080 812 circum

137 845 314 895 Undique
342 857 563 881 convenere:
595 852 702 879 vocat
717 844 790 893 jam
810 843 980 879 carbasus
1000 854 1102 879 auras
1120 852 1133 886 3·

135 913 328 963 Puppibus
345 923 381 949 et
400 910 486 947 laeti
506 918 635 946 nautae
651 909 857 959 imposuere
875 922 1040 947 coronas.

134 981 251 1018 Hunc
270 992 341 1030 ego
361 978 389 1015 si
409 976 516 1027 potui
536 985 678 1012 tantum
699 989 841 1025 sperare
861 974 1038 1020 dolorem,

134 1046 188 1082 Et
201 1045 373 1095 perferre,
385 1058 498 1086 soror,
515 1052 657 1093 potero.
680 1043 836 1080 Miserae
851 1042 922 1079 hoc
937 1051 1059 1079 tamen
1072 1056 1183 1082 unum

133 1113 362 1162 Exsequere,
384 1111 509 1154 Anna,
530 1110 617 1147 mihi
634 1125 644 1148 ε
676 1110 788 1147 solam
807 1123 888 1146 nam
909 1110 1068 1160 perfidus
1087 1109 1148 1147 ille

132 1178 192 1215 Te
211 1178 342 1222 colere,
371 1191 518 1215 arcanos
537 1178 646 1214 etiam
671 1177 738 1213 tibi
758 1176 905 1214 credere
925 1190 1073 1221 sensus;

133 1245 219 1283 Sola
239 1246 305 1282 viri
325 1245 440 1281 mollis
460 1245 592 1288 aditus,
620 1253 658 1281 et
678 1253 844 1294 tempora
862 1257 979 1281 noras.

133 1313 167 1356 I,
187 1326 301 1355 soror,
330 1321 441 1361 atque
459 1311 601 1348 hostem
619 1311 774 1361 supplex
794 1310 903 1348 affare
929 1311 1125 1360 superbum
1141 1327 1153 1350 ι

131 1379 216 1417 Non
236 1393 307 1430 ego
328 1392 411 1415 cum
432 1379 572 1415 Danais
593 1378 793 1429 Trojanam
807 1378 1015 1416 exscindere
1034 1388 1182 1431 gentem

129 1445 270 1484 Aulide
284 1445 414 1495 juravi,
441 1444 633 1482 classemve
653 1445 698 1480 ad
719 1445 898 1495 Pergama
917 1445 1021 1490 misi3
1073 1442 1079 1447 ’

129 1512 210 1559 Nec
223 1512 336 1561 patris
357 1511 545 1549 Anchisae
564 1511 718 1548 cinerem
741 1511 906 1548 Manisve
925 1511 1043 1548 revelli
1062 1527 1072 1550 :

129 1579 208 1616 Cur
226 1592 304 1630 inea
323 1578 421 1614 dicta
442 1588 551 1628 negat
572 1578 680 1614 duras
699 1578 890 1615 demittere
910 1578 943 1614 in
965 1579 1059 1615 auris
1076 1579 1092 1616 ἓ

129 1645 217 1694 Quo
232 1644 327 1681 ruit?
345 1654 547 1681 extremum
559 1644 630 1681 hoc
643 1645 791 1681 miserae
805 1644 866 1680 det
882 1658 1012 1681 munus
1027 1646 1181 1685 amanti:

129 1711 335 1760 Exspectet
355 1710 569 1760 facilemque
588 1710 728 1762 fugam,
757 1720 956 1760 ventosque
976 1710 1137 1750 ferentis.

128 1777 214 1815 Non
230 1779 303 1827 jam
316 1777 528 1827 conjugium
544 1777 747 1827 antiquum,
769 1777 868 1826 quod
886 1777 1062 1827 prodidit,
1083 1792 1148 1814 oro
1164 1794 1185 1824 3>

127 1843 208 1882 Nec
224 1843 380 1894 pulchro
396 1853 436 1879 ut
453 1843 564 1880 Latio
579 1853 711 1887 careat,
731 1857 955 1894 regnumque
970 1840 1147 1895 relmquat
1162 1860 1179 1884 ε·

127 1911 292 1960 Tempus
311 1910 413 1947 inane
432 1920 534 1960 peto,
565 1911 726 1961 requiem
755 1912 986 1960 spatiumque
1008 1912 1148 1958 furori;

126 1977 232 2014 Dum
252 1990 328 2014 mea
349 1991 405 2013 me
425 1978 558 2014 victam
577 1977 707 2014 doceat
726 1977 874 2014 fortuna
894 1978 1029 2014 dolere.

125 2043 341 2081 Extremam
361 2044 452 2081 hanc
473 2058 538 2080 oro
559 2045 696 2081 veniam
714 2060 724 2090 3
754 2044 920 2082 miserere
935 2046 1064 2082 sororis
1082 2049 1090 2083 !

127 2111 248 2159 Quam
267 2109 356 2146 mihi
374 2124 486 2160 quum
507 2110 660 2154 dederis,
681 2110 904 2147 cumulatam
923 2121 1040 2149 morte
1055 2113 1178 2151 remit.

177 2175 334 2213 Talibus
354 2177 497 2220 orabat,
518 2177 674 2227 talisque
687 2177 882 2214 miserrima
898 2177 1004 2215 fletus
1065 2181 1184 2228 [tamx

127 2242 288 2291 Fertque
308 2242 491 2294 refertque
512 2257 638 2292 sor0r;
670 2244 733 2280 sed
758 2243 864 2282 nullis
883 2243 941 2282 ille
962 2253 1127 2283 movetur

179 2307 297 2350 Tou.
330 2309 363 2346 Ι.
583 2357 587 2363 .
692 2309 730 2347 E·
755 2322 776 2347 e
