1493 2605
192 282 226 305 v.
248 270 334 306 10‘2.
496 264 844 304 GEORGICON
900 265 958 301 ΙΙ.
1195 270 1246 305 61

193 376 427 420 Transierim,
459 375 620 420 Rhodia,
638 386 676 413 et
695 375 854 419 tumidis,
882 372 1068 419 Bumaste,
1087 378 1247 416 racemis.

193 445 267 483 Sed
276 456 520 493 neque,quam
531 442 665 479 multae
672 442 818 491 species,
828 456 904 486 nec,
912 443 1053 479 nomina
1063 456 1154 492 quae
1166 444 1249 489 sint,

193 510 264 549 Est
277 523 586 559 numerus;neque
595 509 844 545 enimnumero
854 509 1110 558 comprendere
1123 509 1246 549 refert:

192 578 314 627 Quem
333 576 395 627 qui
416 576 504 613 scire
523 575 622 618 velit,
653 574 790 624 Libyci
810 574 895 611 velit
915 576 1080 625 aequoris
1099 576 1194 613 idem

190 643 345 681 Discere
363 655 472 693 quam
492 641 626 678 multae
654 640 832 690 Zephyro
853 641 1047 678 turbentur
1065 655 1191 681 arenae
1208 659 1220 690 ς

189 709 292 753 Aut,
315 708 377 746 ubi
397 708 548 758 navigiis
566 706 757 744 violentior
775 707 902 744 incidit
927 707 1061 752 Eurus,

189 775 321 818 Nosse,
341 783 433 824 quot
451 773 547 812 Ionii
566 773 707 810 veniant
727 773 772 809 ad
791 773 914 810 littora
944 774 1088 812 fluctus.

242 840 324 878 Nec
345 854 427 876 vero
448 849 564 877 terrae
583 839 675 877 ferre
694 854 818 877 omnes
837 840 956 876 omnia
975 850 1140 890 possunt.

190 905 417 944 fluminibus
436 906 572 951 salices,
585 907 788 956 crassisque
807 905 999 956 paludibus
1019 906 1090 943 alni

190 973 429 1018 Nascuntur3
459 972 594 1010 steriles
614 974 749 1009 saxosis
769 973 952 1009 montibus
980 973 1058 1009 orni
1077 987 1086 1010 ε

191 1038 342 1077 Littora
359 1039 526 1089 myrtetis
545 1039 738 1076 laetissima
755 1054 765 1078 ε
796 1039 950 1088 denique
970 1051 1116 1089 apertos

192 1106 362 1144 Bacchus
382 1114 476 1142 amat
496 1105 611 1149 collis,
632 1107 837 1155 aquilonem
856 1115 893 1143 et
913 1105 1049 1157 frigora
1069 1106 1158 1144 taxi.

189 1172 360 1222 Adspice
378 1180 415 1209 et
432 1172 606 1209 extremis
625 1172 804 1209 domitum
834 1172 1036 1210 cultoribus
1056 1174 1196 1219 orbem,

189 1240 363 1289 ansque
382 1239 510 1276 domos
532 1239 715 1282 Arabum,
736 1239 926 1288 pictosque
950 1238 1112 1277 Gelonos
1130 1254 1142 1285 3

188 1305 339 1344 Divisae
368 1305 556 1342 arboribus
585 1305 748 1355 patriae:
781 1304 855 1342 sola
876 1305 981 1341 India
1000 1306 1145 1356 nigrum

192 1372 280 1410 Fert
298 1372 451 1408 ebenum
471 1387 481 1417 ;
512 1371 594 1408 solis
613 1380 666 1408 est
687 1380 789 1408 turea
805 1372 906 1422 virga
928 1372 1086 1409 Sabaeis,

189 1439 290 1488 Quid
311 1438 377 1476 tibi
397 1439 552 1475 odorato
573 1437 723 1475 referam
754 1438 917 1474 sudantia
936 1437 1037 1489 ligno

190 1505 444 1554 Balsamaque,
466 1514 503 1542 et
523 1505 652 1542 baccas
673 1518 814 1554 semper
833 1504 1034 1541 frondentis
1054 1504 1224 1543 acanthi?

191 1573 294 1623 Quid
312 1585 456 1609 nemora
476 1571 709 1621 Aethiopum
728 1571 827 1608 moIli
847 1572 1010 1608 canentia
1028 1571 1107 1608 lana
1125 1573 1138 1611 ?

188 1638 407 1688 Velleraque
426 1647 467 1674 ut
487 1637 583 1675 foliis
604 1638 798 1689 depectant
819 1638 940 1675 tenuia
962 1639 1093 1675 Seres?

188 1705 276 1742 Aut
295 1718 400 1755 quos,
423 1705 573 1742 Oceano
594 1704 757 1754 propior,
787 1704 882 1754 gerit
904 1705 1008 1740 India
1027 1704 1143 1747 lucos,

191 1771 360 1809 Extremi
379 1771 474 1808 sinus
494 1770 590 1808 orbis
609 1772 622 1809 ?
649 1771 711 1808 ubi
731 1772 812 1808 ae'ra
832 1771 971 1808 vincere
993 1784 1170 1808 summum

187 1839 350 1877 Arboris
369 1839 468 1876 haud
488 1838 579 1876 ullae
593 1840 695 1890 jactu
716 1848 868 1888 potuere
889 1839 1043 1889 sagittae
1062 1854 1071 1876 :

190 1905 246 1944 Et
264 1919 352 1956 gens
371 1904 430 1942 illa
449 1905 597 1955 quidem
616 1906 742 1942 sumtis
763 1919 832 1941 non
852 1905 956 1942 tarda
975 1905 1165 1954 pharetris.

193 1972 321 2011 Media
340 1972 411 2010 fert
431 1973 552 2010 tristes
573 1985 700 2009 succos
719 1972 936 2022 tardumque
956 1986 1120 2022 saporem

201 2038 334 2076 Felicis
353 2038 462 2084 mali;
492 2053 566 2089 quo
586 2053 657 2075 non
678 2039 900 2089 praesentius
921 2038 1048 2082 ullum,

190 2104 336 2142 Pocula
355 2106 384 2143 si
404 2106 549 2156 quando
570 2119 694 2142 saevae
714 2104 868 2142 infecere
887 2119 1074 2148 novercae,

191 2170 495 2224 Miscueruntque
510 2172 638 2211 herbas
657 2181 696 2210 et
715 2186 785 2210 non
805 2171 948 2209 innoxia
969 2172 1088 2217 verba,
