1493 2605
134 280 170 323 θ.
185 286 275 323 265.
462 281 762 320 AENE1Dos
819 261 853 318 1'.
1108 283 1184 320 129

135 394 265 432 Tertia
283 393 371 430 dum
392 391 504 430 Latio
524 401 738 444 regnantem
758 379 887 429 viderit
906 399 1032 436 aestas,

135 459 331 509 Ternaque
349 458 552 496 transierint
576 458 726 496 Rutulis
742 458 890 496 hiberna
908 457 1080 495 subactis.

135 526 206 577 At⁴
216 539 306 575 puer
325 525 523 568 Ascanius,
542 525 601 562 cui
622 539 716 562 nunc
736 537 938 577 cognomen
957 523 1042 561 Iulo

135 578 316 635 Additur,
340 590 439 643 (Ilus
454 600 530 627 erat
550 591 635 627 dum
655 605 708 628 res
723 590 826 628 stetit
847 590 915 627 Ilia
933 589 1070 642 regno)

136 657 308 707 Triginta
328 671 476 708 magnos
497 657 680 694 volvendis
699 657 880 695 mensibus
897 656 995 695 orbis

137 723 299 774 Imperio
318 723 494 773 explebit,
513 737 737 774 regnumque
757 724 802 760 ab
823 723 903 761 sede
922 723 1058 762 Lavini

134 789 361 833 Transferet,
381 797 419 825 et
438 788 583 839 longam
604 788 716 826 multa
735 790 767 826 vi
787 790 923 826 muniet
941 789 1094 830 Albam.

134 855 213 894 Hic
227 858 300 906 jam
319 863 375 891 ter
393 862 539 891 centum
554 862 653 890 totos
671 853 881 904 regnabitur
899 867 1009 891 annos

135 923 260 960 Gente
281 922 347 958 sub
368 920 586 964 Hectorea3
615 920 729 957 donec
752 919 875 971 regina
893 917 1072 964 sacerdos,

133 988 258 1026 Marte
277 982 410 1038 gravis,
429 988 608 1037 geminam
635 995 742 1036 partu
765 986 866 1023 dabit
888 974 955 1024 nia
972 985 1127 1037 prolem.‘

136 1055 239 1099 Inde,
258 1054 363 1103 lupae
382 1046 481 1090 fulvo
501 1051 650 1090 nutricis
669 1052 829 1103 tegmine
847 1047 977 1097 laetus,

136 1120 316 1160 Romulus
335 1118 491 1168 excipiet
510 1127 669 1169 gentem,
681 1126 718 1154 et
738 1117 923 1155 Mavortia
941 1119 1076 1157 condet

135 1185 299 1230 Moenia,
323 1186 580 1234 Romanosque
601 1197 665 1220 suo
685 1184 729 1220 de
749 1183 890 1221 nomine
909 1184 1019 1221 dicet.

136 1254 211 1291 His
230 1267 300 1304 ego
320 1266 384 1289 nec
404 1261 516 1288 metas
535 1264 667 1294 rerum,
692 1263 756 1286 nec
777 1259 952 1300 tempora,
971 1264 1097 1300 pono:

136 1319 335 1369 Imperium
354 1318 425 1354 sine
444 1313 512 1354 fine
532 1312 628 1353 dedi.
685 1315 784 1365 Quin
813 1329 937 1366 aspera
962 1317 1074 1360 Juno,

137 1387 242 1436 Quae
262 1399 356 1421 mare
371 1397 465 1421 nunc
482 1391 665 1432 terrasque
685 1377 784 1418 metu
804 1381 1016 1432 coelumque
1034 1373 1180 1435 fatigat,

136 1450 298 1490 Consilia
316 1451 351 1487 in
370 1449 495 1487 melius
514 1446 659 1492 referet,
679 1461 891 1498 mecumque
909 1447 1049 1485 fovebit

138 1518 337 1562 Romanos,
356 1530 474 1554 rerum
495 1515 670 1559 dominos,
691 1523 908 1565 gentemque
926 1523 1107 1566 togatam.

137 1585 199 1622 Sic
219 1583 405 1634 placitum.
461 1582 612 1626 Veniet,
622 1581 743 1617 lustris
758 1580 973 1625 labentibus,
992 1589 1102 1627 aetas,

137 1652 264 1700 Quum
283 1644 410 1687 domus
427 1648 597 1686 Assaraci
614 1647 785 1684 Phthiam
801 1645 983 1697 clarasque
1004 1646 1181 1697 Mycenas

140 1715 294 1753 Servitio
315 1723 466 1765 premet,
497 1727 538 1750 ac
559 1713 661 1749 victis
681 1712 924 1749 dominabitur
942 1712 1075 1764 Argis⁸

138 1783 320 1821 Nascetur
340 1781 490 1831 pulchra
508 1777 689 1830 Trojanus
708 1778 846 1828 origine
865 1779 1011 1823 Caesar,

139 1848 336 1898 Imperium
358 1848 521 1890 Oceano,
544 1845 674 1882 famam
694 1844 755 1894 qui
775 1844 940 1882 terminet
959 1845 1078 1891 astris,

137 1915 268 1960 Julius,
288 1928 308 1951 a
328 1927 460 1965 magno
481 1912 672 1949 demissum
694 1913 822 1948 nomen
843 1910 939 1949 Iulo.

139 1982 257 2020 Hunc
277 1991 319 2018 tu
339 1981 426 2017 olim
446 1979 562 2023 coelo,
583 1970 707 2029 spoliis
726 1978 872 2015 orientis
891 1987 1076 2023 onustum,

139 2047 317 2097 Accipies
337 2060 459 2084 secura
477 2062 486 2084 :
518 2045 707 2083 vocabitur
726 2044 784 2082 hic
805 2058 950 2095 quoque
969 2045 1076 2081 votis.

141 2111 287 2164 Aspera
305 2123 385 2150 tum
407 2112 534 2163 positis
553 2113 742 2149 mitescent
763 2110 904 2149 saecula
922 2109 1024 2147 bellis
1043 2124 1055 2154 3

141 2179 243 2216 Cana
264 2178 385 2224 Fides,
403 2190 442 2217 et
461 2180 590 2226 Vesta,
613 2179 729 2217 Remo
749 2191 833 2215 cum
850 2176 962 2217 fratre
982 2175 1179 2227 Quirinus,'

202 2244 320 2283 Tom.
351 2243 384 2282 I.
709 2245 744 2282 R
