1493 2605
174 296 206 320 v.
224 282 315 323 273.
471 278 820 320 GEORGICON
874 281 958 319 ΙΙΙ.
1174 283 1228 324 87

177 392 254 432 Ore
271 405 394 431 omnes
413 405 533 430 versae
553 392 586 429 in
607 393 825 445 Zephyrum
841 401 938 431 stant
957 392 1109 444 rupibus
1127 393 1223 440 altis,

175 460 460 510 Exceptantque
480 459 566 496 levis
585 473 686 497 auras
703 475 714 506 ς
743 469 778 498 et
800 473 904 510 saepe
924 460 998 497 sine
1019 459 1102 498 ullis

173 527 378 579 Conjugiis,
398 536 504 563 vento
525 527 705 578 gravidae,
724 527 884 565 mirabile
904 528 1005 565 dictu
1024 530 1033 566 !

176 593 272 632 Saxa
292 607 369 644 per,
385 602 422 630 et
443 593 624 643 scopulos,
644 603 681 631 et
702 594 888 645 depressas
907 593 1090 638 convallis,

173 659 390 712 Diffugiunt
409 675 419 705 ς
441 673 524 702 ηοη,
543 660 653 704 Eure,
674 669 774 703 tuos,
789 674 906 710 neque
924 660 1017 698 Solis
1032 661 1077 697 ad
1092 669 1194 698 ortus
1211 676 1225 705 ;

174 726 218 764 In
241 727 382 764 Borean
403 728 648 775 Caurumque,
664 736 725 763 aut
744 727 836 763 unde
853 727 1067 777 nigerrimus
1082 727 1230 764 Auster

172 793 360 838 Nascitur,
387 803 432 839 et,
445 792 568 843 pluvio
588 793 782 830 contristat
804 793 940 844 frigore
960 793 1115 832 coelum.

171 860 251 898 Hic
271 861 429 903 demum,
449 861 688 910 hippomanes
708 874 792 897 vero
812 861 911 910 quod
933 861 1074 898 nomine
1095 860 1222 899 dicunt

171 926 353 970 Fautores,
369 926 506 964 lentum
526 926 686 963 destillat
704 928 748 964 ab
770 927 917 978 inguine
938 927 1032 964 virus
1050 942 1061 972 ;

171 993 442 1043 Hippomanes,
464 993 563 1043 quod
584 1007 687 1044 saepe
707 993 818 1030 malae
838 994 957 1045 legere
978 1007 1168 1039 novercae,

172 1057 474 1110 Miscueruntque
496 1060 623 1097 herbas
643 1070 680 1097 et
701 1074 770 1098 non
790 1060 935 1097 innoxia
955 1060 1075 1098 verba.

226 1128 298 1164 Sed
318 1126 416 1178 fugit
435 1128 583 1170 interea,
604 1126 702 1178 fugit
718 1126 961 1177 irreparabile,
987 1135 1147 1177 tempus,

173 1193 325 1245 Singula
346 1195 434 1231 dum
453 1194 551 1246 capti
571 1194 897 1231 circumvectamur
916 1207 1050 1230 amore.

224 1261 315 1299 Hoc
336 1260 419 1298 satis
437 1261 618 1297 armentis.
678 1261 837 1310 Superat
866 1273 948 1310 pars
967 1259 1081 1297 altera
1100 1273 1221 1305 curae,

170 1327 375 1378 Lanigeros
395 1327 533 1379 agitare
553 1339 697 1378 greges,
718 1327 905 1376 hirtasque
925 1326 1092 1376 capellas.

160 1390 249 1432 'Hic
269 1393 371 1430 labor
388 1408 401 1439 3
429 1394 514 1430 hinc
533 1392 692 1437 laudem,
711 1392 837 1437 fortes,
858 1402 1011 1443 sperate,
1031 1391 1165 1430 coloni.

169 1460 250 1499 Nec
271 1473 349 1497 sum
369 1460 475 1496 animi
496 1460 640 1502 dubius,
661 1460 777 1497 verbis
797 1473 838 1497 ea
857 1460 997 1497 vincere
1017 1473 1192 1510 magnum

169 1526 291 1577 Quam
312 1526 371 1570 sit,
399 1536 437 1563 et
457 1527 620 1578 anguStis
639 1526 736 1564 hunc
756 1526 886 1563 addere
905 1527 1011 1563 rebus
1031 1526 1218 1564 honorem.

171 1593 244 1631 Sed
266 1606 322 1629 me
352 1594 496 1631 Parnasi
516 1593 657 1630 deserta
677 1607 742 1643 per
761 1593 872 1630 ardua
891 1592 1006 1630 dulcis

172 1658 313 1709 Raptat
327 1673 452 1697 amor:
479 1661 581 1710 juvat
601 1659 651 1696 ire
665 1659 777 1711 jugis,
798 1673 869 1709 qua
889 1659 986 1696 nulla
1005 1659 1167 1710 priorum

169 1724 363 1765 Castaliam
382 1724 481 1762 molli
500 1726 703 1763 devertitur
721 1726 841 1763 orbita
860 1725 968 1763 clivo.

211 1791 538 1837 Nunc,veneranda
546 1791 664 1835 Pales,
677 1805 810 1844 magno
823 1806 917 1829 nunc
929 1806 992 1829 ore
1005 1792 1215 1831 sonandum.

170 1859 365 1909 Incipiens,
388 1857 539 1896 stabulis
558 1859 663 1896 edico
683 1859 718 1895 in
739 1858 907 1896 mollibus
927 1859 1076 1895 herbam

167 1926 329 1976 Carpere
348 1926 438 1970 ovis,
467 1926 554 1962 dum
573 1940 659 1963 mox
680 1925 851 1963 frondosa
871 1926 1058 1963 reducitur
1076 1935 1215 1972 aestas;

169 1991 222 2029 Et
242 1991 356 2029 multa
377 1992 504 2029 duram
524 1992 673 2043 stipula,
693 1993 905 2043 silicumque
925 1991 1102 2043 maniplis,

169 2058 336 2096 Sternere
356 2059 481 2096 subter
499 2059 665 2103 humum,
685 2058 819 2110 glacies
839 2073 882 2096 ne
901 2058 1036 2111 frigida
1056 2059 1173 2099 laedat

168 2123 284 2162 Molle
303 2139 428 2175 pecus,
443 2125 670 2176 scabiemque
691 2125 797 2169 ferat,
811 2126 1003 2176 turpisque
1022 2126 1217 2179 podagras,

170 2189 273 2237 Post,
292 2191 377 2230 hinc
397 2180 594 2244 digressus,
608 2193 723 2243 jubeo
743 2191 949 2231 frondentia
967 2191 1084 2243 captis
