1493 2605
196 280 230 302 v.
249 267 337 306 ⁶217.
493 262 839 304 GEORGICON
899 263 980 300 111.
1199 266 1250 302 85

200 376 390 414 Dulcibus
408 375 465 413 illa
485 375 631 427 quidem
646 375 821 413 illecebris
841 383 879 412 et
899 372 1002 424 saepe
1022 373 1197 424 superbos

201 442 385 480 Cornibus
405 443 497 480 inter
515 457 551 480 se
571 442 708 493 subigit
728 442 917 479 decernere
939 440 1105 477 amantis.

199 509 373 546 Pascitur
390 510 425 547 in
446 524 576 561 magna
596 509 682 546 silva
701 509 859 545 formosa
873 510 1025 559 juvenca
1042 521 1053 544 :

201 575 261 612 Illi
281 576 496 614 alternantes
518 576 630 613 multa
650 576 682 612 vi
704 574 841 625 proelia
862 574 1012 610 miscent

197 640 420 679 Vulneribus
440 643 574 679 crebris
590 657 600 686 ;
629 641 714 678 lavit
733 650 811 677 ater
830 653 984 689 corpora
1005 638 1148 690 sanguis
1167 654 1179 684 ;

202 706 390 757 versaque
411 708 445 744 in
465 708 620 744 obnixos
641 715 843 758 urguentur
862 719 998 742 cornua
1019 716 1121 742 vasto

201 772 298 810 Cum
315 774 471 823 gemitu:
488 774 642 810 reboant
657 773 836 822 silvaeque
852 780 889 807 et
905 770 1037 822 longus
1053 771 1251 823 Olympus,

200 838 281 877 Nee
306 853 383 876 mos
403 839 570 877 bellantis
590 854 660 877 una
679 839 883 877 stabulare:
915 838 976 874 sed
1005 838 1096 873 alter

205 905 337 942 Victus
357 906 445 952 abit,
473 906 656 958 longeque
677 906 813 956 ignotis
832 904 974 941 exsulat
997 904 1082 947 oris,

203 971 330 1009 Multa
349 987 496 1024 gemens
516 972 762 1024 ignominiam,
783 971 984 1023 plagasque
1004 970 1150 1021 superbi

199 1037 377 1083 Victoris,
398 1050 489 1085 tum,
504 1053 595 1089 quos
616 1039 734 1075 amisit
753 1038 904 1081 inultus,
925 1050 1063 1073 amores
1081 1052 1092 1081 ;

198 1103 253 1140 Et
273 1104 414 1141 stabula
433 1106 648 1155 adspectans
663 1104 782 1156 regnis
796 1104 949 1140 excessit
971 1103 1088 1141 avitis.

199 1169 304 1220 Ergo
323 1171 420 1206 omni
441 1184 526 1207 cura
546 1172 636 1208 vires
656 1180 815 1216 exercet,
836 1180 872 1207 et
892 1171 987 1207 inter

198 1236 307 1273 Dura
320 1238 418 1287 jacet
438 1252 577 1287 pernox
597 1239 750 1275 instrato
771 1251 857 1275 saxa
876 1236 1003 1280 cubili,

198 1302 405 1341 Frondibus
424 1304 571 1341 hirsutis
590 1314 627 1341 et
646 1305 761 1342 carice
782 1313 908 1354 pastus
929 1313 1036 1341 acuta
1056 1320 1067 1350 ;

200 1371 254 1409 Et
273 1380 390 1408 tentat
411 1385 498 1415 sese,
519 1381 630 1421 atque
651 1372 754 1408 irasci
775 1371 809 1407 in
830 1383 965 1408 cornua
985 1369 1094 1408 discit

199 1437 359 1474 Arboris
379 1438 534 1475 obnixus
553 1447 699 1481 trunco,
729 1447 927 1487 ventosque
948 1436 1093 1474 lacessit

202 1504 357 1548 Ictibus,
377 1515 413 1542 et
434 1518 555 1555 sparsa
573 1504 618 1540 ad
636 1517 799 1555 pugnam
819 1504 982 1553 proludit
1001 1516 1118 1541 arena.

201 1570 306 1616 Post,
326 1571 388 1607 ubi
409 1571 604 1607 collectum
620 1571 743 1614 robur,
765 1571 927 1620 viresque
948 1569 1116 1615 refectae,

202 1636 317 1687 Signa
328 1646 463 1681 movet,
476 1651 723 1687 praecepsque
735 1637 892 1674 oblitum
906 1636 1024 1674 fertur
1036 1638 1070 1673 in
1089 1637 1245 1676 hostem:

200 1701 355 1740 Fluctus
374 1702 442 1747 uti,
462 1703 582 1740 medio
603 1703 728 1752 coepit
748 1716 860 1753 quum
881 1703 1061 1740 albescere
1084 1714 1212 1756 ponto,

200 1768 373 1819 Longius
391 1782 436 1806 ex
455 1768 602 1819 altoque
622 1769 738 1805 sinum
758 1770 870 1806 trahit
886 1785 897 1814 ;
929 1781 1055 1820 utque,
1075 1773 1222 1809 volutas

199 1834 270 1871 Ad
288 1843 414 1878 terras,
432 1834 583 1872 immane
603 1845 706 1872 sonat
726 1849 792 1886 per
811 1849 909 1880 saxa,
931 1850 1045 1886 neque
1066 1837 1145 1886 ipso

200 1904 335 1942 Monte
355 1903 471 1940 minor
488 1904 698 1953 procumbit
715 1918 725 1948 ;
754 1912 792 1940 at
807 1903 877 1940 ima
896 1914 1086 1941 exaestuat
1107 1905 1200 1942 unda

201 1969 428 2013 Verticibus,
448 1970 660 2020 nigramque
680 1969 752 2006 alte
774 1970 955 2021 subjectat
976 1983 1129 2007 arenam.

233 2035 354 2073 Omne
364 2035 454 2072 adeo
465 2049 534 2086 gen
541 2048 580 2072 us
591 2036 625 2072 in
635 2036 738 2073 terris
745 2036 1003 2086 hominumque
1010 2035 1254 2089 ferarumque,

203 2102 259 2140 Et
278 2115 391 2153 genus
411 2115 643 2153 aequoreum,
672 2103 844 2153 pecudes,
864 2104 1056 2154 pictaeque
1077 2106 1253 2152 volucres,

207 2169 253 2209 In
272 2167 382 2208 furias
401 2169 598 2222 ignemque
617 2179 726 2210 ruunt
745 2185 755 2210 z
785 2183 885 2210 amor
903 2172 1069 2211 omnlbus
1087 2173 1195 2211 idem.
