1493 2605
285 293 359 330 142
500 329 510 334 ,
600 290 898 331 AENEIDOS
957 291 990 328 1.
1184 304 1218 329 v.
1233 292 1322 332 629.

275 405 457 442 jactatam
477 402 543 440 hac
564 402 708 439 demum
730 402 843 439 voluit
869 402 1064 441 consistere
1084 409 1192 442 terra.

278 471 363 508 Non
385 470 507 520 ignara
528 468 607 506 mali
629 469 764 506 miseris
782 482 990 508 succurrere
1009 470 1123 511 disc0.

278 538 340 575 Sic
361 545 559 574 memorat:
590 535 696 574 simul
720 537 869 575 Aenean
890 535 924 572 in
946 537 1045 588 regia
1064 536 1167 574 ducit

275 604 397 641 Tecta
415 619 425 648 ;
456 602 559 641 simul
580 602 701 640 divum
721 601 866 653 templis
886 601 1013 640 indicit
1032 602 1217 643 honorem.

278 670 358 708 Nec
380 669 495 708 minus
515 669 649 707 interea
668 669 772 706 sociis
793 670 837 706 ad
857 669 982 706 littora
1002 669 1116 707 mittit

275 736 422 787 Viginti
442 746 580 779 tauros,
601 749 814 787 magnorum
844 735 1027 773 horrentia
1047 745 1196 774 centum

275 804 403 855 Terga
422 817 540 846 suum,
569 803 716 854 pinguis
736 812 883 844 centum
902 817 986 840 cum
1006 803 1181 846 matribus
1201 814 1328 853 agnos,

276 869 433 908 Munera
451 869 696 920 laetitiamque
715 870 777 908 dii.

274 939 335 976 At
355 937 483 974 domus
504 937 652 973 interior
672 936 782 988 regali
804 935 991 985 splendida
1010 935 1099 974 luxu

277 1005 490 1046 Instruitnr,
521 1003 718 1053 mediisque
747 1011 875 1053 parant
895 1002 1057 1043 convivia
1076 1003 1195 1041 tectis.

274 1072 374 1108 Arte
393 1069 574 1107 laboratae
594 1078 723 1114 vestes,
751 1078 924 1119 ostroque
942 1070 1100 1119 superbo
1118 1085 1128 1107 :

276 1137 413 1188 Ingens
433 1145 625 1188 argentum
647 1136 788 1179 mensis,
815 1135 1025 1185 caelataque
1045 1135 1080 1174 in
1109 1149 1197 1174 auro

276 1203 404 1242 Fortia
423 1202 521 1241 facta
544 1211 701 1255 patrum,
729 1202 834 1243 series
853 1202 1060 1253 longissima
1078 1216 1212 1248 rerum.

275 1272 346 1309 Per
365 1280 422 1307 tot
443 1270 556 1308 ducta
576 1269 669 1306 viros
689 1269 837 1318 antiqua
855 1269 901 1307 ab
921 1269 1061 1319 origine
1081 1269 1212 1320 gentis.

331 1337 488 1380 Aeneas,
509 1350 625 1386 neque
643 1336 736 1373 enim
756 1336 894 1385 patrius
913 1335 1109 1385 consistere
1130 1345 1286 1373 mentem

274 1403 404 1442 Passus
425 1417 536 1446 amor,
567 1402 733 1452 rapidum
749 1402 793 1438 ad
811 1402 907 1438 navis
924 1402 1123 1451 praemittit
1142 1402 1330 1448 Achaten,

272 1469 438 1508 Ascanio
459 1469 550 1506 ferat
571 1469 659 1506 hacc
680 1485 689 1513 ;
720 1469 912 1518 ipsumque
932 1469 977 1504 ad
998 1469 1136 1506 moenia
1162 1468 1274 1506 ducat
1292 1483 1301 1506 ε

275 1536 405 1573 Omnis
425 1536 458 1572 in
479 1535 644 1573 Ascanio
664 1536 736 1573 cari
759 1544 829 1573 stat
842 1549 929 1572 cura
949 1535 1117 1584 parentis,

275 1601 430 1640 Munera
451 1611 648 1651 praeterea,
680 1601 800 1639 Iliacis
819 1610 944 1651 erepta
965 1601 1089 1645 ruinis,

274 1668 529 1719 Ferrejubet3
559 1667 689 1718 pallam
711 1668 820 1720 signis
840 1682 1003 1718 auroque
1031 1669 1225 1720 rigentem,

274 1734 329 1772 Et
348 1734 631 1772 circumtextum
652 1749 782 1772 croceo
812 1735 970 1772 velamen
999 1735 1172 1778 acantho,

275 1802 439 1840 Ornatus
461 1803 624 1854 Argivae
646 1802 824 1847 Helenae,
854 1817 948 1853 quos
967 1802 1027 1839 illa
1048 1801 1232 1852 Mycenis,

276 1870 454 1920 Pergama
475 1883 587 1920 quum
607 1878 747 1919 peteret
766 1869 1066 1919 inconcessosque
1082 1868 1330 1919 Hymenaeos,

275 1936 486 1980 Extulerat,
516 1937 640 1974 matris
661 1936 786 1973 Ledae
807 1935 966 1972 mirabile
995 1936 1143 1972 donum.

275 2002 466 2039 Praeterea
486 2012 684 2052 sceptrum,
718 2002 831 2039 Ilione
866 2002 966 2052 quod
986 2010 1146 2054 gesserat
1166 2000 1266 2046 olim,

275 2068 440 2108 Maxima
460 2078 624 2106 natarum
649 2069 794 2113 Priami,
824 2068 992 2119 colloque
1015 2068 1144 2106 monile

276 2135 491 2180 Baccatum,
519 2146 556 2174 et
576 2136 759 2186 duplicem
793 2137 945 2187 gemmis
965 2149 1126 2186 auroque
1146 2131 1328 2174 coronam.

276 2200 382 2240 Haec
404 2202 573 2250 celerans,
602 2202 671 2241 iter
690 2203 735 2242 ad
755 2203 852 2241 navis
872 2202 1045 2245 tendebat
1066 2202 1249 2245 Achates.
