1529 2693
203 304 238 329 ω
262 293 322 329 113
565 287 804 326 ECLOGA
861 288 912 325 v.
1216 281 1264 329 17'

204 402 292 440 Aut
310 399 467 438 Alconis
485 399 595 436 habes
613 397 752 443 laudes,
780 406 842 435 aut
858 398 977 449 jurgia
996 398 1123 436 Codri4

208 467 333 517 Incipe
352 481 362 504 z
387 465 568 516 >pascentis
589 464 745 502 servabit
765 465 922 515 Tityrus
941 464 1089 501 haedos.

639 531 807 584 Mopsus.

207 599 327 636 Immo
345 599 447 642 haec,
474 597 509 635 in
528 598 630 635 viridi
652 612 767 649 nuper
786 611 878 648 quae
897 597 1034 635 cortice
1053 596 1132 648 fagi

206 664 375 702 Carmina
394 665 581 715 descripsi,
601 673 637 702 et
658 663 844 701 modulans
864 663 1000 700 alterna
1018 662 1154 707 notavi,

206 730 416 781 Experiar:
446 740 489 767 tu
508 731 638 768 deinde
653 731 783 782 jubeto
804 739 919 768 certet
940 730 1140 780 AmyntaS.

627 798 825 837 Menalcas.

207 864 330 901 Lenta
350 863 437 902 salix
459 874 636 915 quantum
656 863 806 914 pallenti
824 863 920 900 cedit
941 863 1069 907 olivae,

207 929 378 967 Puniceis
396 930 539 967 humilis
559 940 737 980 quantum
757 929 914 967 saliunca
933 928 1058 966 rosetis
1076 944 1088 973 ;

207 996 353 1034 Judicio
373 1006 498 1033 nostro
518 1005 662 1033 tantum
681 996 751 1033 tibi
769 996 867 1033 cedit
888 996 1087 1045 Amyntas.

652 1063 821 1114 fisojzsus.

209 1130 282 1169 Sed
301 1139 343 1167 tu
362 1129 482 1166 desine
503 1129 619 1179 plura,
648 1142 738 1178 puer
755 1143 766 1172 ;
796 1128 1030 1165 successimus
1049 1136 1167 1165 antro.

263 1195 502 1233 Exstinctum
521 1196 702 1246 nymphae
721 1195 857 1232 crudeli
877 1194 1001 1232 funere
1020 1193 1197 1244 Daphnin

207 1262 391 1300 Flebant:
422 1276 498 1306 vos,
526 1261 654 1306 coruli,
682 1270 807 1305 testes,
835 1270 872 1298 et
892 1261 1051 1305 flumina,
1071 1257 1258 1310 nymphis:

207 1330 348 1378 Quum,
377 1327 568 1378 complexa
587 1330 640 1366 sui
660 1343 794 1379 corpus
809 1327 1007 1365 miserabile
1028 1327 1144 1378 gnati,

206 1396 341 1445 Atque
361 1395 449 1432 deos
468 1405 577 1445 atque
596 1405 690 1432 astra
710 1404 814 1432 vocat
834 1394 993 1432 crudelia
1012 1402 1138 1430 mater.

207 1460 295 1498 Non
315 1461 378 1498 ulli
396 1471 520 1512 pastos
540 1463 609 1500 illis
628 1478 735 1514 egere
754 1463 880 1500 diebus

208 1527 655 1578 Frigida‚Daphni‚boves
666 1530 710 1566 ad
718 1529 863 1566 flumina
873 1544 883 1574 ;
892 1528 988 1566 nulla
997 1541 1114 1577 neque
1123 1537 1263 1563 amnem

207 1593 358 1631 Libavit
379 1582 597 1645 quadrupes,
626 1611 693 1634 nec
713 1596 883 1648 graminis
903 1595 1028 1646 attigit
1047 1594 1208 1630 herbam.

207 1659 375 1710 Daphni,
405 1668 508 1698 tuum
530 1663 672 1699 Poenos
691 1663 801 1700 etiam
820 1663 1037 1713 ingemuisse
1056 1660 1176 1697 leones

208 1725 418 1770 Interitum‚
446 1738 656 1778 montesque
672 1729 737 1766 feri
757 1729 934 1778 silvaeque
953 1728 1165 1776 loquuntur.

205 1792 379 1842 Daphnis
397 1801 434 1829 et
454 1793 648 1830 Armenias
668 1808 775 1831 curru
796 1796 1013 1845 subjungere
1032 1792 1137 1842 tigris

208 1858 374 1895 Instituit
391 1873 402 1903 3
431 1859 602 1909 Daphnis
622 1860 758 1897 thiasos
777 1861 945 1897 inducere
966 1858 1117 1901 Bacchi,

207 1923 261 1961 Et
281 1923 376 1961 foliis
395 1924 510 1962 lentas
530 1926 688 1964 intexere
709 1926 875 1963 mollibus
895 1926 1028 1962 hastas.

206 1990 303 2027 Vitis
323 1999 365 2027 ut
385 1991 573 2029 arboribus
593 1993 714 2030 decori
734 2003 803 2037 est,
831 2002 873 2030 ut
893 1993 1025 2029 vitibus
1045 2005 1145 2034 uvae,

207 2058 266 2095 Ut
285 2058 459 2108 gregibus
479 2060 586 2104 tauri,
615 2069 754 2112 segetes
774 2070 816 2096 ut
835 2060 1032 2110 pinguibus
1051 2059 1167 2101 arvis3

205 2123 270 2160 Tu
289 2125 399 2161 decus
418 2138 523 2162 omne
542 2126 625 2163 tuis.
684 2127 884 2177 Postquam
903 2135 940 2163 te
959 2125 1034 2161 fata
1053 2124 1227 2166 tulerunt²

208 2190 294 2241 Ipsa
315 2191 417 2229 Pales
437 2206 557 2244 agros,
587 2204 696 2244 atque
716 2194 792 2243 ipse
812 2193 956 2244 reliquit
976 2190 1118 2242 Apollo
1137 2206 1147 2235 ;

259 2256 374 2294 Tom.
407 2258 439 2296 Ι.
709 2260 739 2297 C
