1529 2693
231 317 281 350 20
597 312 908 351 BUCOLICA.
1188 326 1222 350 v.
1240 314 1289 353 87

234 424 342 462 Haec
363 414 485 462 en'dem
507 424 647 468 docuit,
678 425 812 475 Cujnm
833 437 946 473 pecus
964 424 976 461 ?
1003 437 1045 460 an
1067 424 1240 463 Meliboei
1260 425 1273 463 ?

674 493 842 543 fllostsus.

229 557 288 594 At
309 566 348 594 tn
371 571 469 594 sume
486 558 632 607 pedum,
652 558 766 607 quod,
795 573 851 596 me
873 574 985 609 quum
1006 572 1109 608 saepe
1129 565 1290 607 rogaret,

234 623 320 661 Non
342 623 425 661 tulit
447 625 670 673 Antigenes,
691 633 729 662 ct
749 635 823 662 erat
846 635 924 663 tum
947 627 1079 677 dignus
1099 624 1239 669 amari„

230 690 444 728 Formosum
464 691 610 740 paribus
631 691 733 728 nodis
753 701 863 743 atque
883 707 976 738 acre,
1000 691 1182 730 Menalca.

571 937 812 977 ECLOGA.
869 939 943 979 VI.

404 1069 1116 1132 SILENUS.

230 1211 372 1249 Pium
397 1212 592 1262 Syracosio
613 1213 761 1264 dignata
780 1224 835 1251 est
851 1213 973 1251 ludere
993 1228 1095 1252 versu

228 1279 378 1323 Nostra,
399 1293 464 1315 nec
484 1279 629 1316 erubuit
650 1279 752 1316 silvas
772 1280 949 1323 habitare,
977 1280 1127 1317 Thalia.

229 1346 355 1393 Quum
375 1358 537 1382 canerem
557 1360 660 1397 reges
679 1356 716 1383 ct
737 1347 884 1396 proclia,
914 1347 1098 1396 Cynthius
1118 1360 1241 1383 aurem

226 1411 356 1455 Vellit,
384 1421 421 1448 et
446 1412 634 1449 admonuit
653 1427 662 1450 :
696 1413 896 1457 Pastorem,
918 1413 1066 1463 Tityre,
1087 1413 1232 1464 pinguis

230 1478 382 1515 Pasccrc
404 1487 552 1527 oportet
572 1479 660 1524 ovis,
690 1481 887 1517 deductum
909 1480 1027 1517 dicere
1047 1494 1201 1517 carmen.

228 1545 339 1582 Nunc
352 1559 442 1595 cgo3
457 1559 611 1595 namque
625 1560 734 1596 super
746 1547 811 1583 tibi
822 1556 941 1590 erunt,
951 1547 1012 1596 qui
1027 1546 1289 1588 dicerelaudcs‚

228 1611 340 1653 Vare,
370 1620 451 1648 tuas
471 1612 634 1662 cupiant,
663 1622 700 1650 et
721 1613 838 1650 tristia
857 1613 1011 1650 condere
1032 1612 1124 1649 bella
1142 1628 1153 1657 ;

227 1678 431 1729 Agrestem
453 1679 551 1716 tenui
572 1681 776 1717 meditabor
794 1680 965 1717 arundine
987 1693 1135 1716 musam.
1172 1680 1290 1730 [quis,

227 1744 314 1781 Non
336 1744 466 1794 injussa
485 1759 588 1782 cano.
647 1747 686 1784 Si
707 1747 787 1796 quis
806 1755 926 1783 tamen
951 1747 1040 1783 haec
1070 1759 1231 1796 quoque,
1260 1745 1290 1782 si

227 1811 370 1860 Captus
390 1824 523 1855 amore,
544 1811 643 1864 leget
661 1828 671 1858 ς
692 1822 729 1850 te
749 1822 904 1856 nostrae,
928 1813 1040 1857 Vare‚
1069 1813 1242 1863 myricae,

227 1875 286 1913 Te
306 1891 430 1914 nemus
448 1892 553 1915 omne
572 1889 675 1918 canet
692 1895 703 1918 :
725 1894 790 1917 nec
812 1880 963 1918 Phoebo
979 1879 1120 1931 gratior
1134 1878 1206 1916 ulla
1220 1888 1289 1925 est,

232 1945 354 1992 Quam
377 1943 442 1981 sibi
463 1959 554 1995 quae
574 1946 663 1983 Vari
682 1946 913 1997 praescripsit
934 1946 1065 1997 pagina
1084 1960 1225 1984 nomen.

282 2010 445 2061 Pergite‚
466 2012 638 2050 Pierides.
669 2013 840 2050 Chromis
858 2022 895 2049 et
919 2011 1110 2062 Mnasylos
1129 2012 1164 2048 in
1184 2021 1289 2051 antro

233 2076 394 2114 Silenum
415 2078 517 2128 pueri
538 2093 664 2116 somno
686 2080 803 2117 videre
816 2082 1011 2131 jacentem,

231 2142 402 2179 Inflatum
423 2144 592 2181 hesterno
614 2159 732 2189 venas,
752 2154 794 2182 ut
814 2159 966 2195 semper,
997 2145 1158 2184 Iaccho:

230 2209 334 2259 {Serta
354 2210 502 2260 procul,
524 2220 665 2258 tantum
685 2211 796 2263 capiti
814 2211 970 2263 delapsa,
984 2213 1153 2264 jacebant
1170 2229 1182 2259 ;
