1493 2605
197 270 250 308 42
503 268 850 311 GEORGICON
917 268 950 310 I.
1112 283 1148 309 v.
1167 271 1255 314 104.

251 380 352 431 Quid
373 381 503 426 dicam,
518 384 620 433 jacto
640 383 701 433 qui
723 383 854 421 semine
872 384 1074 422 comminus
1092 396 1176 422 arva

198 446 419 498 Insequitur.
439 450 677 500 cumulosque
699 450 769 487 ruit
790 449 880 487 male
901 451 1045 502 pinguis
1064 464 1203 497 arenae,

197 515 343 554 Deinde
364 517 448 554 satis
470 516 616 553 fluvium
637 516 775 554 inducit
796 516 962 567 rivosque
982 519 1191 568 sequenti83

197 581 263 623 Et.
294 597 405 632 quum
425 592 576 620 exustus
595 596 681 634 ager
701 583 937 621 morientibus
955 593 1096 622 aestuat
1116 584 1254 632 herbis,
1294 616 1297 620 Α

195 649 296 688 Ecce
315 653 323 687 !
357 650 552 699 supercilio
572 649 694 687 clivosi
715 650 868 688 tramitis
889 651 1021 688 undam

193 716 309 754 Elicit
327 718 339 754 ?
369 715 426 752 illa
446 716 578 754 cadens
597 729 744 753 raucum
769 731 832 767 per
851 717 940 754 levia
960 730 1122 756 murmur

193 784 287 822 Saxa
306 784 392 828 ciet,
413 783 655 833 scatebrisque
675 783 810 821 arentia
828 793 1008 834 temperat
1027 798 1121 822 arva.

244 852 359 902 Quid,
380 850 457 901 qui,
479 865 520 888 ne
539 850 695 902 gravidis
722 852 940 900 procumbat
961 851 1101 890 culmus
1121 853 1253 900 aristis.

189 917 392 956 Luxuriem
413 926 578 969 segetum
599 928 721 954 tenera
740 917 903 967 depascit
923 918 957 954 in
978 917 1103 963 herba,

190 986 315 1034 Quum
336 984 490 1034 primum
511 983 630 1021 sulcos
650 993 804 1034 aequant
825 993 902 1021 sata
919 985 931 1022 ἓ
951 984 1088 1035 quique
1107 985 1249 1036 paludis

188 1050 397 1089 collectum
419 1051 605 1087 humorem
625 1050 750 1088 bibula
770 1050 919 1088 deducit
940 1064 1045 1088 arena
1062 1051 1077 1090 ?

186 1117 415 1162 Praesertim,
434 1117 583 1156 incertis
599 1117 627 1155 si
647 1118 827 1155 mensibus
846 1118 958 1156 amnis
977 1118 1164 1158 abundans

186 1183 293 1228 Exit,
313 1195 349 1222 et
370 1184 536 1223 obducto
556 1184 628 1222 late
647 1194 746 1223 tenet
764 1185 884 1223 omnia
903 1184 988 1222 limo
1007 1201 1019 1230 ς

186 1252 298 1290 Unde
311 1265 418 1289 cavae
431 1252 558 1302 tepido
570 1252 699 1289 sudant
712 1252 862 1289 humore
873 1251 1035 1290 lacunae.
1083 1252 1251 1304 [labores-

231 1319 309 1356 Nec
324 1328 457 1362 tamen,
472 1319 559 1356 haec
571 1333 683 1369 quum
703 1318 773 1356 sint
787 1318 1046 1369 hominumque
1061 1319 1246 1371 boumque

184 1386 373 1424 Versando
392 1396 523 1424 terram
543 1389 699 1437 experti,
719 1384 806 1422 nihil
826 1386 1014 1436 improbus
1032 1400 1146 1432 anser,

187 1453 490 1504 Strymoniaeque
509 1467 630 1505 grues,
648 1462 686 1491 et
702 1454 830 1491 amaris
849 1453 976 1491 intuba
995 1453 1108 1497 fibris,

181 1519 377 1564 Officium,
398 1530 460 1558 aut
480 1521 605 1558 umbra
622 1529 740 1559 nocet.
782 1519 908 1558 ‘Pater
925 1520 1000 1570 ipse
1019 1519 1163 1558 colendi

181 1586 224 1624 H
229 1589 296 1624 :md
315 1587 455 1625 facilem
469 1601 545 1626 esse
560 1589 651 1624 viam
666 1587 779 1624 voluit
795 1603 806 1633 3
826 1588 1034 1640 primusque
1049 1602 1115 1638 per
1127 1597 1244 1628 artem

179 1654 305 1692 Movit
325 1668 446 1706 agros,
466 1654 561 1692 curis
581 1667 711 1692 acuens
730 1653 894 1691 mortalia
912 1654 1024 1692 corda
1041 1669 1053 1700 ς

180 1720 261 1759 Nec
282 1731 428 1771 torpere
448 1721 548 1773 gravi
570 1735 694 1772 passus
713 1735 775 1758 sua
794 1735 905 1774 regna
924 1730 1086 1760 veterno.

234 1788 340 1827 Ante
359 1788 487 1826 Jovem
508 1788 594 1826 nulli
614 1789 830 1841 subigebant
848 1802 930 1825 arva
947 1788 1067 1827 coloni
1085 1803 1097 1834 ς

182 1855 262 1893 Nec
282 1856 421 1907 signare
441 1856 586 1906 quidem
605 1865 667 1893 aut
686 1855 812 1906 partiri
830 1856 944 1894 limite
964 1870 1133 1907 campum

183 1921 254 1959 Fas
272 1932 347 1960 emt
367 1938 375 1960 :
406 1923 440 1959 in
461 1922 616 1961 medium
637 1923 853 1973 quaerebant
871 1938 882 1968 ς
910 1922 1059 1973 ipsaque
1076 1920 1184 1961 tellus

181 1988 314 2026 Omnia
335 1989 494 2034 liberius,
514 1989 613 2027 nullo
633 1999 818 2040 poscente,
837 1988 985 2026 ferebat.

184 2055 251 2092 Ille
273 2056 404 2093 malum
424 2056 521 2094 virus
541 2056 766 2106 serpentibus
785 2056 924 2093 addidit
942 2055 1043 2100 atris,

186 2121 202 2158 l
221 2136 245 2157 ι·.
259 2122 426 2172 datique
447 2123 553 2174 lupos
568 2123 687 2175 jussit,
707 2132 848 2174 pontin
865 2136 933 2172 que
951 2121 1082 2159 n-overi
1100 2136 1112 2168 ς

188 2188 372 2239 Menaqve
394 2192 551 2229 “cussit
572 2190 679 2234 soliis,
697 2190 887 2243 {amnique
906 2189 1073 2234 removit,
