1493 2605
441 460 485 500 P.
529 457 788 499 VIRGILII
828 455 1096 498 MARONIS

247 615 1291 676 AENEJDOS

618 783 798 823 LIBER
856 784 927 823 IV.

240 1086 313 1124 Aa·
342 1084 479 1136 regina,
509 1079 609 1132 gravi
626 1081 698 1131 jam
718 1079 856 1116 dudum
876 1079 996 1117 saucia
1015 1092 1117 1126 cura,

239 1151 383 1189 Volnus
402 1150 464 1187 alit
485 1148 593 1191 venis,
621 1156 659 1183 et
678 1159 787 1183 caeco
807 1146 969 1196 carpitur
987 1147 1075 1198 igni.

239 1218 364 1257 Multa
382 1216 446 1253 viri
466 1215 578 1252 virtus
596 1213 728 1257 animo,
747 1212 954 1263 multusque
973 1221 1135 1251 recursat

239 1285 373 1326 Gentis
393 1284 534 1321 honos:
565 1282 712 1318 haerent
731 1279 832 1316 infixi
852 1290 1002 1329 pectore
1020 1279 1153 1324 voltus,

236 1352 434 1401 Verbaque
451 1366 461 1395 ;
482 1363 546 1387 nec
562 1348 741 1399 placidam
756 1347 924 1384 membris
936 1347 998 1384 dat
1013 1359 1099 1383 cura
1113 1345 1284 1397 quietem.

292 1418 442 1456 Postera
464 1416 632 1454 Phoebea
651 1414 827 1451 lustrabat
846 1413 1010 1464 lampade
1029 1425 1141 1450 terras

237 1484 539 1532 Humentemque
560 1483 710 1519 Aurora
734 1479 820 1530 polo
839 1480 1038 1517 dimoverat
1057 1479 1235 1525 umbram,

237 1552 364 1601 Quum
385 1550 434 1586 sic
454 1549 654 1586 unanimam
669 1546 867 1597 alloquitur
890 1545 982 1583 male
997 1559 1080 1583 sana
1099 1559 1284 1586 sororem:

235 1619 351 1657 Anna
371 1630 485 1660 soror,
505 1629 597 1666 quae
617 1629 673 1652 me
702 1626 908 1663 suspensam
926 1612 1101 1650 insomnia
1118 1622 1254 1652 terrent
1272 1616 1282 1653 Ξ

236 1685 331 1735 Quis
351 1697 463 1721 novus
482 1683 541 1720 hic
571 1682 700 1720 nostris
720 1680 890 1718 successit
909 1680 1053 1718 sedibus
1071 1680 1227 1731 hospes!

235 1753 358 1802 Quem
378 1764 452 1789 sese
467 1763 528 1787 ore
544 1749 677 1788 ferens!
702 1763 809 1799 quarn
824 1746 911 1785 forti
924 1756 1086 1798 pectore,
1099 1755 1137 1785 et
1151 1746 1256 1785 armis
1270 1750 1281 1786 !

234 1818 359 1858 Credo
379 1817 559 1867 equidem,
577 1830 641 1854 nec
662 1828 750 1852 vana
770 1814 871 1858 fides,
891 1827 1005 1865 genus
1024 1826 1099 1851 esse
1118 1813 1283 1851 deorum.

232 1885 447 1936 Degeneres
466 1883 602 1920 animos
620 1883 731 1919 timor·
748 1881 882 1933 arguit.
925 1881 1015 1919 Heu
1033 1882 1041 1917 !
1074 1879 1207 1930 quibus
1224 1879 1284 1917 ille

232 1954 400 1992 Jactatus
419 1950 527 1988 fatis!
560 1963 651 2001 quae
671 1947 764 1987 bella
783 1948 958 1986 exhausta
977 1947 1129 1985 canebat
1145 1949 1154 1985 Ξ

233 2020 274 2057 Si
294 2019 380 2055 mihi
401 2033 470 2055 non
491 2017 611 2054 animo
630 2017 743 2053 fixum
762 2016 1024 2065 immotumque
1044 2014 1199 2060 sederet,

231 2087 291 2126 Ne
312 2086 370 2123 cui
390 2099 446 2122 me
465 2083 584 2121 vinclo
604 2082 729 2120 vellem
749 2081 884 2119 sociare
899 2079 1029 2132 jugali,

232 2154 433 2203 Postquam
453 2151 589 2202 primus
609 2163 710 2186 arnor
729 2149 918 2198 deceptam
938 2154 1055 2184 morte
1074 2144 1202 2185 fefellit
1223 2159 1237 2192 3

233 2220 274 2260 Si
292 2234 364 2259 non
383 2228 587 2272 pertaesum
606 2215 755 2256 thalami
774 2214 972 2267 taedaeque
991 2212 1117 2252 fuisset
1135 2226 1147 2259 3
