1493 2605
193 276 226 316 ὴ,
245 276 332 317 214.
496 270 840 318 GEORG1CON
897 279 954 318 Π.
1195 268 1249 320 <5⁴:2³

191 390 243 427 Et
262 389 397 438 tophus
418 383 552 434 scaber,
571 399 607 426 et
631 390 740 441 nigris
759 404 864 427 exesa
884 389 1070 441 chelydris

189 455 310 498 Creta,
331 460 465 505 negant
484 454 571 490 alios
590 469 700 504 aeque
720 456 944 505 serpentibus
962 469 1070 507 agros

186 517 347 556 Dulcem
366 519 457 556 ferre
477 521 611 565 cibum,
631 529 668 557 et
688 535 812 558 curvas
831 522 998 572 praebere
1018 521 1184 559 latebras.

187 584 290 632 Quae
310 593 455 622 tenuem
473 585 617 623 exhalat
636 586 801 623 nebulam
822 587 1011 636 fumosque
1030 586 1196 630 volucris,

189 649 242 687 Et
258 651 350 687 bibit
365 651 565 695 humorem,
579 662 629 696 et,
642 666 753 702 quum
770 653 858 696 vult,
870 667 914 689 ex
928 667 963 690 se
976 652 1052 702 ipsa
1064 652 1214 690 remittit
1225 650 1241 697 ς’

185 721 361 768 Quaeque
381 731 446 754 suo
466 718 566 754 viridi
587 731 727 768 semper
745 731 781 755 se
801 719 959 769 gramine
977 718 1096 763 vestit,

183 785 265 821 Nec
284 784 401 820 scabie
420 793 456 821 et
477 784 566 820 salsa
585 784 694 820 laedit
714 784 877 834 robigine
896 784 1030 822 ferrum
1045 800 1056 822 ε

184 849 253 886 Illa
271 850 339 886 tibi
360 849 462 886 laetis
482 850 623 887 intexet
642 851 773 887 vitibus
793 851 908 888 ulmos
925 861 936 898 ς’

183 916 252 953 Illa
271 917 370 952 ferax
390 916 471 953 oleo
491 926 544 953 est
562 931 572 961 ;
603 916 697 953 illam
726 917 906 966 experiere
925 917 1076 954 colendo

182 982 236 1019 Et
256 981 396 1019 facilem
416 983 552 1032 pecori,
572 992 609 1019 et
629 983 821 1032 patientem
842 983 992 1020 vomeris
1012 983 1114 1019 unci.'

178 1049 310 1087 Talem
330 1049 425 1085 dives
444 1057 520 1084 arat
539 1048 680 1098 Capua,
699 1059 737 1085 et
758 1049 872 1085 vicina
890 1050 1032 1085 Vesevo

179 1115 256 1152 Ora
271 1118 376 1165 jugo,
402 1123 439 1151 et
460 1114 578 1150 vacuis
599 1113 746 1151 Clanius
766 1128 835 1150 non
856 1128 989 1164 aequus
1013 1116 1175 1153 Acerris.

230 1178 354 1225 Nunc,
375 1195 447 1230 quo
467 1194 647 1230 quamque
666 1180 774 1216 modo
793 1181 907 1229 possis
925 1194 1158 1232 cognoscere,
1178 1181 1236 1217 di-'

182 1247 279 1284 Rara
300 1246 359 1290 sit,
379 1259 420 1282 an
443 1259 550 1295 supra
570 1258 705 1281 morem
725 1245 751 1281 si
772 1246 880 1282 densa
894 1246 1050 1295 requiras
1068 1261 1078 1290 3
1113 1249 1226 1295 [cam.

174 1311 309 1350 Altera
328 1311 516 1348 frumentis
539 1311 708 1360 quoniam
730 1311 839 1355 favet,
867 1311 977 1348 altera
998 1312 1173 1355 Baccho;

220 1393 301 1416 ensa
319 1378 434 1428 magis
453 1378 591 1421 Cereri,
612 1377 786 1414 rarissima
806 1391 969 1427 quaeque
989 1378 1119 1428 Lyaeo
1137 1393 1147 1415 τ

173 1445 278 1481 Ante
298 1444 416 1481 locum
439 1444 558 1493 capies
577 1443 707 1487 oculis,
727 1443 869 1493 alteque
884 1444 1034 1494 jubebis·

175 1511 219 1547 In
240 1509 352 1547 solido
372 1519 523 1559 puteum
543 1509 701 1552 demitti,
720 1512 933 1559 omnemque
952 1524 1101 1560 repones

176 1578 316 1614 Rursus
331 1577 495 1620 humum,
515 1585 552 1612 et
567 1575 721 1625 pedibus
737 1589 892 1613 summas
906 1577 1074 1626 aequabis
1089 1581 1222 1614 arenas.

173 1643 212 1681 Si
232 1643 395 1685 deerunt,
414 1655 546 1686 rarum,
566 1642 762 1692 pecorique
782 1651 818 1679 et
839 1642 972 1680 vitibus
990 1642 1090 1679 almis

171 1708 328 1758 Aptius,
348 1708 437 1744 uber
455 1708 522 1744 erit
542 1722 550 1744 ε
582 1708 632 1743 sin
652 1708 687 1743 in
707 1721 769 1744 sua
793 1721 896 1756 posse
916 1709 1099 1756 negabunt

172 1775 231 1810 Ire
249 1774 341 1817 loca,
362 1782 399 1809 et
420 1773 608 1811 scrobibus
628 1774 811 1824 superabit
831 1782 924 1810 terra
943 1774 1102 1824 repletis,

171 1840 314 1889 Spissus
333 1854 418 1890 ager
435 1855 444 1884 ;
474 1840 596 1890 glebas
617 1841 822 1877 cunctantis
842 1854 1031 1890 crassaque
1049 1849 1154 1891 terga

169 1905 370 1956 Exspecta,
390 1914 427 1942 et
447 1906 570 1942 validis
589 1915 720 1944 terram
741 1905 931 1955 proscinde
945 1907 1119 1956 juvencis.

171 1970 271 2008 Salsa
290 1979 410 2007 autem
429 1971 536 2008 tellus
555 1979 591 2008 et
611 1985 703 2021 quae
722 1972 933 2020 perhibetur
951 1985 1081 2017 amara,

169 2038 353 2088 Frugibus
371 2037 507 2082 infelix,
533 2039 593 2090 (ea
613 2052 679 2074 nec
698 2038 911 2074 mansuescit
929 2034 1075 2083 arando,

169 2105 247 2142 Nec
269 2103 415 2140 Baccho
435 2117 561 2154 genus,
582 2113 643 2140 aut
663 2104 779 2153 pomis
800 2117 861 2140 sua
882 2104 1022 2141 nomina
1041 2107 1187 2158 servat)

169 2168 262 2205 Tale
282 2169 383 2205 dabit
401 2170 578 2219 specimen
597 2184 606 2207 ς
636 2179 678 2206 tu
698 2169 810 2218 spisso
826 2169 954 2206 vimine
974 2170 1112 2220 qualos,

224 2235 338 2271 Toni.
372 2235 404 2271 I.
640 2279 644 2284 ¹
720 2236 739 2272 I
