1493 2605
224 285 275 324 τε)
475 333 482 343 ¹
508 268 852 322 GEOR’GicoN
910 283 967 322 11.
1130 300 1162 325 v:
1179 275 1269 325 409„

223 396 423 438 Sarmenta,
451 404 485 431 ct
508 395 616 431 vallos
637 395 771 444 primus
801 396 866 431 sub
887 404 984 432 tecta
1003 395 1135 433 referto
1154 412 1164 451 ξ

223 461 429 497 Postremus
450 461 587 497 metito.
648 461 710 497 Bis
732 460 862 497 vitibus
883 461 1015 512 ingruit
1037 463 1162 499 umbra
1180 478 1191 508 ;

218 525 280 562 Bis
300 537 456 576 segetem
477 527 593 562 densis
612 527 802 563 obducunt
821 526 980 564 sentibus
1003 528 1133 565 herbae
1152 543 1161 566 :

216 592 255 629 1)
274 606 343 628 irus
365 602 514 641 uterque
534 592 646 628 labor.
699 577 877 630 ,Lautiato
902 593 1061 644 ingentia
1081 607 1160 631 rura
1177 609 1187 631 ε

218 659 403 708 lix-{gnum
425 657 547 694 colito.
605 658 686 695 Nec
707 673 776 694 non
802 659 908 696 etiam
928 673 1050 709 aspera
1070 661 1167 697 rusci

216 724 359 760 Vimina
380 738 443 772 per
462 724 596 768 silvam,
617 735 652 762 et
669 725 753 775 ripis
775 725 922 762 fluvialis
942 727 1078 763 arundo

214 791 400 833 Caeditur,
429 790 626 840 incultique
658 801 801 829 exercet
821 782 905 830 cura
926 792 1052 830 salicti.

211 860 291 896 Jam
311 858 449 894 vinctae
470 858 556 895 vites
575 874 584 901 ;
609 860 681 908 jam
712 858 839 895 falcem
859 859 1004 896 arbusta
1022 868 1227 909 reponunt;

211 925 290 961 Jam
311 924 404 960 cauit
425 933 603 960 extremos
622 923 750 960 effetus
771 924 900 960 vinitor
924 934 1024 962 antes
1042 941 1051 962 :

213 990 447 1028 sollicitanda
469 999 585 1025 tarueu
607 988 726 1032 tellus,
757 989 945 1039 pulvisque
966 992 1185 1037 movendus;

214 1057 262 1093 Et
281 1058 352 1107 jam
375 1056 521 1092 maturis
543 1056 754 1092 metuendus
772 1057 916 1105 Jupiter
936 1057 1024 1094 uvis.

264 1123 416 1165 Contra,
438 1135 507 1157 nou
530 1121 599 1158 ulla
619 1131 673 1158 est
693 1122 778 1158 oleis
797 1122 938 1158 cultura
956 1138 965 1167 3
996 1137 1110 1173 neque
1130 1123 1209 1161 illae

213 1191 430 1227 Proeurvam
451 1198 663 1238 exspectant
684 1187 812 1225 falcem
832 1198 1038 1239 rastrosque
1059 1199 1214 1235 tenaces,

210 1258 334 1305 Quum
355 1255 462 1292 semel
481 1256 671 1292 haeserunt
691 1255 794 1298 arvis,
814 1269 986 1305 aurasque
1006 1255 1182 1293 tulerunt.

209 1322 295 1371 Ipsa
316 1322 399 1358 satis
419 1321 538 1365 tellus,
558 1335 669 1371 quum
689 1322 796 1358 dente
816 1321 1016 1358 recluditur
1034 1335 1147 1366 unco,-

209 1387 352 1424 Sufficit
368 1389 572 1432 humorem3
589 1398 624 1425 et
637 1388 818 1438 gravidas,
832 1401 943 1437 quum
957 1401 1110 1431 vomere,
1123 1387 1258 1440 fruges.

209 1454 298 1491 Hoc
319 1455 488 1505 pinguem
507 1464 543 1491 et
565 1453 734 1503 placitam
755 1452 841 1490 Paci
862 1453 1019 1490 nutritor
1038 1452 1181 1492 olivam.

261 1523 373 1559 Poma
387 1535 546 1571 quoque,
562 1530 601 1557 ut
617 1520 771 1570 primum
787 1529 935 1557 truncos
948 1534 1085 1558 sensere
1098 1522 1271 1569 valentis,-

207 1588 260 1624 Et
279 1588 368 1624 vires
387 1588 542 1624 habuere
563 1601 656 1630 suas,
686 1587 731 1623 ad
750 1586 862 1623 sidera
883 1587 1014 1636 raptim

205 1654 253 1690 Vi
275 1654 421 1703 propria
439 1654 617 1696 nituntur,
645 1653 797 1702 opisque
817 1652 914 1689 haud
932 1653 1055 1704 indiga
1073 1663 1229 1694 nostrae.

258 1720 338 1757 Nec
359 1720 474 1756 minus
492 1719 626 1756 interea
645 1719 724 1756 fetu
747 1732 870 1756 nemus
889 1733 993 1756 omne
1011 1720 1204 1770 gravescit,

206 1786 490 1837 Sauguiueisque
506 1785 641 1823 inculta
655 1786 785 1822 rubent
805 1785 932 1822 aviaria
949 1786 1082 1823 baccis.

204 1852 425 1890 Tondentur
442 1853 564 1902 cytisi,
586 1852 706 1889 taedas
727 1851 810 1888 silva
832 1850 906 1888 alta
925 1851 1116 1896 ministrat,

209 1920 484 1968 pascunturque
504 1918 604 1969 ignes
623 1918 805 1962 nocturni,
824 1927 861 1954 et
880 1917 1012 1953 lumina
1031 1917 1199 1956 fundunt.

209 1987 259 2023 Et
275 1986 443 2022 dubitant
457 1984 616 2021 homines
631 1998 759 2028 serere,
771 1994 879 2034 atque
892 1984 1098 2033 impendere
1110 1987 1247 2024 curam?

205 2051 306 2100 Quid
325 2052 456 2102 majora
476 2051 629 2100 sequar?
658 2048 780 2086 salices
799 2049 1022 2099 humilesque
1041 2060 1232 2101 genestae,-

208 2118 290 2153 Aut
311 2117 388 2154 illae
408 2117 529 2167 pecori
549 2115 726 2160 frondem,
746 2125 808 2153 aut
828 2117 1033 2166 pastoribus
1052 2116 1217 2161 umbra32·

206 2183 396 2220 Sufficiunt
416 2200 424 2227 3
447 2197 639 2233 sepemque
659 2182 756 2228 satis,
775 2191 810 2220 et
829 2182 962 2232 pabula
981 2181 1088 2220 melli.
