1493 2605
165 332 200 357 v.
220 320 307 359 131.
476 313 776 355 AENEIDOS
832 314 906 354 IV.
1132 315 1209 356 207

170 440 280 481 Retia
297 453 391 486 rara,
414 439 557 492 plagae,
574 438 650 477 lato
669 438 844 477 venabula
861 438 972 486 ferro,

167 507 393 558 Massylique
410 515 519 544 ruunt
536 505 691 556 equite8‚
717 516 755 543 et
772 505 884 542 odora
902 519 1031 543 canum
1050 504 1115 542 vis.

171 573 365 626 Reginam,
382 572 541 611 thalamo
559 581 804 616 cunctantem,
832 572 878 610 ad
894 571 1016 610 limina
1034 572 1139 622 primi

168 640 374 679 Poenorum
391 647 607 690 exspectant
623 653 635 684 3
654 647 828 689 ostroque
845 638 1008 691 insigniS‚
1027 647 1064 676 et
1082 652 1186 684 auro,

169 706 254 744 Stat
273 707 429 757 sonipes,
448 720 490 743 ac
508 705 607 743 frena
625 704 728 743 ferox
748 705 950 756 spumantia
968 706 1121 744 mandit.

166 770 333 811 Tandem
352 772 599 825 progreditur,
623 785 754 823 magna
773 772 929 822 stipante
946 783 1106 817 caterva,

167 838 354 877 Sidoniam
371 839 472 889 picto
490 837 719 887 chlamydem
733 837 956 876 circumdata
971 838 1083 876 limbo
1099 853 1111 877 ε

166 906 240 944 Cui
259 906 428 956 pharetra
444 919 488 943 ex
509 918 610 949 auro,
630 904 745 942 crines
765 905 946 943 nodantur
962 905 998 943 in
1016 920 1159 954 aurum,

165 972 297 1011 Aurea
314 985 532 1023 purpuream
549 972 734 1009 subnectit
753 971 864 1009 fibula
882 982 1029 1011 vestem.

165 1038 248 1078 Nec
266 1052 337 1076 non
354 1048 392 1077 et
414 1038 566 1090 Phrygii
583 1038 747 1084 comites,
764 1048 801 1076 et
821 1038 936 1077 laetus
959 1040 1074 1086 Iulus,

166 1106 357 1144 Incedunt.
390 1105 488 1156 Ipse,
507 1114 590 1143 ante
609 1095 696 1142 alios
716 1104 978 1155 pulcherrimus
996 1106 1126 1152 omnis,

168 1171 286 1209 Infert
304 1185 340 1209 se
361 1171 498 1209 socium
507 1171 676 1215 'Aeneas‚
697 1181 807 1222 atque
827 1172 971 1223 agmina
985 1173 1108 1224 jungit
1124 1188 1136 1211 ε

167 1239 309 1289 Qualis,
328 1238 390 1275 ubi
408 1239 592 1276 hibernam
613 1239 783 1288 Lyciam,
803 1238 1016 1289 Xanthique
1034 1240 1170 1278 fluenta

164 1305 328 1351 Deserit,
355 1320 397 1343 ac
416 1305 555 1344 Delum
574 1315 772 1343 maternam
789 1304 907 1343 invisit
926 1306 1085 1356 Apollo,

164 1371 422 1422 Instauratque
441 1371 585 1416 chorOS,
613 1371 790 1422 mixtique
808 1371 932 1409 altaria
948 1372 1085 1410 circum

162 1437 364 1487 Cretesque
376 1438 623 1488 Dryopesque
636 1437 976 1488 fremunt,pictique
982 1438 1209 1490 Agathyrsi3

166 1503 251 1554 Ipse
265 1503 363 1555 jugis
383 1503 522 1553 Cynthi
542 1503 721 1555 graditur,
740 1504 912 1554 mollique
931 1504 1103 1542 fluentem

165 1571 310 1609 Fronde
329 1571 459 1621 premit
474 1571 609 1608 crinem
622 1571 778 1622 fingens,
795 1580 905 1622 atque
918 1572 1078 1622 implicat
1093 1586 1180 1611 auro
1194 1589 1205 1612 ε

164 1637 259 1675 Tela
277 1646 406 1674 sonant
423 1636 592 1674 humeris.
622 1637 739 1675 Haud
758 1637 820 1675 illo
840 1638 984 1689 segnior
1001 1638 1078 1676 ibat

163 1703 336 1741 Aeneas:
365 1712 507 1740 tantum
524 1703 674 1754 egregio
692 1703 802 1741 decus
821 1704 934 1741 enitet
952 1718 1027 1743 ore.

163 1769 365 1820 Postquam
379 1769 471 1806 altos
486 1778 633 1806 ventum
644 1769 680 1806 iu
693 1770 840 1814 montis,
854 1779 963 1820 atque
975 1771 1068 1809 invia
1081 1771 1208 1819 lustra,

164 1836 291 1874 Ecce!
322 1834 430 1879 ferae,
450 1835 525 1873 saxi
542 1835 702 1887 dejectae
720 1836 868 1881 vertice,
887 1850 1015 1887 caprae

164 1904 369 1942 Decurrere
383 1903 482 1955 jugis
498 1918 509 1949 ;
537 1902 605 1940 alia
623 1903 667 1940 de
686 1913 791 1953 parte
809 1904 966 1954 patentis

162 1969 435 2008 Transmittunt
453 1983 560 2007 cursu
580 1983 727 2020 campos
746 1979 856 2020 atque
875 1970 1019 2022 agmina
1038 1972 1133 2009 cervi

165 2035 419 2074 Pulverulenta
433 2035 523 2087 fuga
535 2035 751 2088 glomerant,
766 2036 969 2086 montisque
986 2037 1205 2090 relinquunt.

163 2105 224 2141 At
242 2117 333 2153 puer
350 2103 534 2141 Ascanius
551 2103 678 2140 mediis
698 2103 732 2139 in
752 2102 904 2141 vallibus
923 2104 995 2142 acri

163 2168 313 2208 Gaudet
328 2183 442 2220 equo;
457 2172 604 2221 jamque
622 2169 688 2207 hos
703 2184 824 2215 cursu,
839 2172 911 2222 jam
926 2171 1097 2220 praeterit
1113 2172 1208 2221 illos,

166 2233 474 2287 Spumantemque
493 2236 569 2274 dari
587 2250 720 2288 pecora
738 2237 832 2276 inter
849 2237 978 2276 inertia
995 2240 1088 2277 votis
