1493 2605
239 307 314 347 172
515 318 523 326 ⁸
542 306 840 346 AENEIDOS
898 306 956 344 11.
1138 321 1171 343 v.
1190 308 1282 345 691.

237 416 302 457 Da
321 418 448 456 deinde
467 417 653 461 auxilium,
675 428 792 467 pater,
812 427 922 468 atque
938 418 1025 455 hacc
1040 417 1158 454 omina
1173 418 1285 454 firma.

290 485 364 521 Vix
385 499 425 521 ea
448 484 542 521 fatus
562 495 638 522 erat
660 485 777 521 senior
795 499 803 521 :
837 484 1028 534 subitoque
1050 483 1194 534 fragore

236 550 405 588 Intonuit
426 550 578 593 laevum,
607 560 658 595 et,
678 551 721 588 de
742 550 844 588 coelo
865 550 975 601 lapsa,
994 564 1058 600 per
1077 551 1233 595 umbras,

234 617 365 660 Stella,
394 617 508 654 facem
528 618 678 661 ducens,
699 617 811 654 multa
830 631 912 654 cum
932 616 1012 654 lucc
1032 617 1204 654 cucurrit.

235 683 355 728 Illam,
384 698 521 722 summa
551 698 658 734 super
677 684 855 722 labentem
876 683 1031 721 culmina
1051 684 1155 729 tecti,

232 750 424 790 Cernimus
448 751 555 788 Idaea
575 751 706 788 claram
728 766 764 788 se
783 751 939 788 condere
960 750 1060 794 silva,

233 819 523 870 Signantemque
543 818 614 855 vias
632 834 641 856 ι
673 827 751 855 tum
772 817 883 869 longo
902 817 1016 854 limite
1038 816 1159 854 sulcus

229 884 313 924 Dat
332 884 466 929 lucem,
485 894 521 922 et
543 884 613 922 late
634 885 769 922 circum
790 884 870 921 loca
891 883 1025 921 sulfure
1046 883 1199 921 fumant.

229 951 311 991 Hic
332 966 414 989 vero
435 953 552 989 victus
573 951 718 1003 genitor
737 964 771 987 se
793 950 890 987 tollit
910 952 955 986 ad
974 964 1091 994 auras,

228 1019 456 1069 Affaturque
475 1019 575 1062 deos,
593 1028 629 1055 et
651 1025 814 1055 sanctum
836 1017 934 1054 sidus
953 1017 1077 1054 adorat
1096 1032 1105 1055 :

226 1088 386 1137 jamjam
400 1085 496 1122 nulla
504 1098 601 1122 mora
612 1094 680 1122 est:
695 1091 976 1134 sequor,et,qua
988 1083 1280 1127 ducitis,adsum.

225 1152 283 1191 D?
303 1152 424 1202 patrii,
445 1160 580 1188 servate
601 1151 762 1193 domum,
793 1160 929 1187 servate
949 1159 1119 1199 nepotem
1139 1165 1148 1187 :

224 1219 401 1256 Vestrum
420 1218 490 1255 hoc
510 1218 716 1270 augurium,
738 1227 932 1267 vestroque
952 1217 986 1253 in
1007 1216 1149 1253 numine
1165 1215 1280 1266 Troja

223 1286 330 1325 Cedo
345 1285 528 1337 equidem,
543 1299 623 1327 nec,
638 1293 733 1328 nete,
749 1283 816 1320 tibi
829 1297 949 1320 comcs
961 1284 1011 1319 ire
1024 1297 1149 1320 recuso
1186 1286 1276 1333 [est.

273 1344 433 1391 Dixerat
452 1351 535 1389 ilie:
567 1361 602 1388 et
619 1353 692 1402 jam
713 1364 778 1400 per
798 1350 935 1387 moenia
955 1350 1084 1387 clarior
1103 1350 1197 1401 ignis

222 1418 406 1462 Auditur,
428 1418 649 1469 propiusque
669 1427 789 1454 aestus
810 1417 973 1454 incendia
995 1415 1154 1453 volvunt.

222 1486 329 1536 Ergo
349 1499 430 1536 age,
460 1498 541 1521 care
562 1493 676 1534 pater,
697 1484 826 1521 cervici
847 1484 1027 1533 imponere
1047 1492 1217 1521 nostrae:

219 1553 307 1602 Ipse
328 1551 457 1589 subibo
477 1551 647 1595 humeris,
677 1565 740 1588 nec
761 1565 816 1587 mc
834 1550 936 1587 labor
954 1550 1020 1585 iste
1040 1549 1218 1599 gravabit.

219 1620 309 1670 Quo
320 1631 375 1655 res
388 1631 544 1667 cumque
557 1618 701 1662 cadent,
714 1632 823 1654 unum
836 1626 872 1654 et
883 1630 1073 1654 commune
1085 1615 1273 1665 periclum,

218 1686 306 1723 Una
326 1684 418 1721 salus
431 1684 608 1721 ambobus
621 1685 703 1722 erit.
749 1683 844 1722 Mihi
862 1696 992 1733 parvus
1010 1681 1112 1719 Iulus

218 1752 277 1792 Sit
297 1765 432 1795 comes,
465 1760 503 1788 et
522 1750 632 1803 longe
651 1760 765 1788 servet
782 1751 932 1801 vestigia
953 1751 1122 1801 conjunx.

213 1820 295 1857 Vos
314 1817 454 1862 famuli,
473 1831 565 1867 quae
585 1818 717 1862 dicam,
746 1817 869 1855 animis
884 1815 1058 1853 advertite
1077 1815 1215 1854 vestris.

218 1887 289 1924 Est
308 1885 397 1922 urbe
417 1883 568 1935 egressis
588 1884 764 1929 tumulus,
784 1883 1036 1934 templumque
1057 1892 1241 1919 vetustum

213 1953 395 1991 Desertae
415 1951 570 1994 Cereris,
594 1952 774 2002 juxtaque
789 1951 938 2001 antiqua
958 1960 1162 1999 cupressus,

216 2017 411 2068 Religione
432 2025 576 2066 patrum
597 2016 732 2053 multos
753 2025 890 2053 servata
910 2029 975 2065 per
993 2028 1129 2051 annos:

213 2083 327 2122 Hanc
347 2096 392 2120 ex
413 2082 554 2120 diverso
575 2083 695 2120 sedem
716 2082 894 2120 veniemus
914 2081 946 2117 in
969 2094 1087 2117 unam.

211 2150 291 2195 Tu,
312 2150 469 2202 genitor,
490 2163 579 2200 cape
598 2163 698 2187 sacra
714 2163 835 2193 manu,
857 2148 1067 2199 patriosque
1089 2147 1261 2185 Penates:

211 2216 293 2264 Me,
312 2216 408 2254 bello
426 2231 446 2255 e
465 2226 569 2255 tanto
589 2216 804 2269 digressum,
824 2225 861 2253 et
876 2215 985 2254 caede
1005 2213 1155 2260 recenti,
