1529 2693
558 426 944 474 PRAEFATIO

382 558 468 596 Pl?
484 559 678 597 [01:18
729 559 857 597 RD]
873 558 1127 596 TJONJS.

622 697 877 718 m

284 801 343 839 IN
366 802 433 839 hac
454 805 647 853 poetarum
670 802 890 839 Latinorum
910 803 1084 854 principis
1109 803 1285 850 editione,

230 882 339 918 quam
360 869 454 906 inter
472 869 778 907 emendatissimas
813 871 990 908 numerari
1026 885 1132 922 posse
1166 885 1286 922 spera·

230 949 323 979 mus,
342 937 572 974 eruditissimi
589 937 729 988 Hcynii
749 938 946 975 editionem
962 939 1172 983 secundam,
1191 952 1285 989 quae

229 1016 323 1039 anno
348 1005 448 1043 1787
485 1003 635 1054 Lipsiae
657 1005 807 1055 prodiit,
837 1005 1040 1054 exprimere
1070 1005 1184 1042 visum
1215 1013 1286 1043 cst.

229 1069 425 1107 Nonnullis
444 1080 564 1107 tamen
585 1070 619 1107 in
640 1070 730 1107 locis
750 1071 795 1107 ab
819 1070 973 1120 Heynio
994 1071 1219 1115 recessimus,
1244 1085 1286 1108 u-

229 1137 266 1174 bi
287 1138 380 1174 ratio
401 1138 436 1174 id
458 1151 609 1187 poscere
631 1137 850 1175 videbatur:
873 1137 907 1173 in
929 1137 1095 1188 pluribus
1114 1138 1211 1176 forte
1232 1152 1289 1176 re-

230 1206 379 1248 cessuri,
400 1219 471 1242 non
485 1205 705 1256 conjecturis
721 1205 883 1255 quidem,
898 1205 999 1255 quod
1013 1204 1109 1242 aleae
1125 1204 1286 1254 plenum,

230 1272 293 1310 sed
313 1272 483 1309 codicum
498 1271 734 1315 auctoritate,
750 1271 834 1309 freti
851 1287 861 1316 ;
883 1271 918 1308 ni
933 1271 1177 1317 incommoda,
1191 1285 1285 1323 quae

231 1338 493 1389 exemplarium
514 1339 756 1389 discrepantia
777 1338 904 1376 afferre
925 1338 1031 1382 solet,
1051 1338 1259 1376 vitaremus.

287 1407 412 1457 Quam
432 1406 579 1457 quidem
593 1405 836 1456 periculosum
854 1406 913 1450 sit,
928 1405 1041 1444 libros
1057 1406 1214 1456 scriptos
1229 1406 1290 1444 de-

233 1487 364 1518 serere,
385 1482 423 1510 et
441 1487 485 1510 cx
500 1473 608 1510 nimia
628 1473 682 1510 sui
703 1473 837 1510 fiducia
848 1472 1067 1524 conjecturis
1086 1471 1291 1524 indulgere,

235 1541 322 1578 satis
340 1539 592 1590 exemplorum
608 1541 783 1590 praebent
802 1540 911 1576 etiam
932 1538 1117 1576 clarissimi
1138 1539 1291 1576 nominis

233 1609 364 1646 critici.
424 1607 618 1658 Ejusmodi
647 1605 816 1658 exempla
844 1604 1017 1643 nonnulla
1036 1605 1072 1642 in
1093 1605 1225 1644 nostris
1245 1607 1289 1643 ad

235 1675 440 1715 Horatium
461 1673 595 1711 notulis
611 1673 732 1711 videre
751 1682 820 1711 est.
878 1674 944 1711 An
961 1673 1119 1711 editores
1138 1673 1294 1711 meliori-

234 1744 304 1780 bus
324 1755 467 1791 semper
486 1741 656 1791 auspiciis
676 1741 836 1792 Virgilio
866 1740 1024 1778 medicas
1058 1740 1291 1778 adhibuerint

235 1823 375 1852 manus,
397 1809 460 1859 qui
479 1808 638 1858 penitius
658 1822 733 1845 rem
748 1807 961 1858 inspexerit,
978 1807 1210 1859 satisjustam
1225 1807 1295 1844 du·

236 1876 377 1915 bitandi
412 1889 557 1913 causam
590 1875 761 1925 reperiet.
831 1875 880 1913 E.
914 1874 967 1913 G.
1001 1873 1081 1913 Ubi
1114 1873 1294 1926 Virgilius

238 1945 408 1982 Aeneam
428 1942 669 1989 vulneratum,
697 1942 733 1978 in
753 1941 882 1979 castris
903 1950 1073 1986 stantem,
1092 1940 1262 1992 depingit
1280 1955 1291 1978 ε

258 2051 392 2089 Stabat
409 2050 542 2088 acerba
561 2048 729 2092 fremens,
749 2048 936 2099 ingentem
956 2046 1063 2084 nixus
1082 2046 1117 2083 in
1138 2046 1295 2091 hastam,

256 2118 420 2162 AeneaS,
440 2131 574 2169 magno
593 2119 765 2168 juvenum
783 2124 822 2152 et
842 2114 1037 2152 moerentis
1058 2113 1131 2151 Iuli

255 2185 451 2223 Concursu
471 2183 714 2228 lacrimisque
736 2182 944 2220 immobilis.

912 2249 1025 2288 Anu.
1055 2262 1130 2287 xri.
1154 2250 1244 2288 398.

248 2345 322 2391 Ita,
343 2345 563 2384 auctoritate
582 2344 783 2383 multorum
799 2344 982 2390 codicum,
1002 2341 1198 2395 legebatur
1219 2350 1302 2379 ante
