1493 2605
180 333 214 357 v.
232 320 321 357 243.
485 314 785 355 AENEIDOS
843 314 916 355 IV.
1152 318 1227 354 ‘211

179 428 351 467 Pallentis
368 443 379 473 ;
405 427 493 471 *alias
513 428 580 465 sub
601 427 758 465 Tartara
777 425 894 464 tristia
913 425 1052 470 mittit;

179 496 259 533 Dat
279 509 422 533 somnos
441 494 653 544 adimitque,
672 503 710 530 et
728 493 862 530 lumina
877 501 993 529 morte
1012 491 1185 543 resignat.

180 563 248 599 Illa
267 562 381 599 fretus
401 562 478 613 agit
497 570 637 604 ventos,
656 569 693 597 et
713 559 857 597 turbida
878 568 998 597 tranat

177 630 328 667 Nubila.
357 630 510 678 Jamque
523 627 644 664 volans
659 626 798 676 apicem
811 635 848 663 et
859 625 971 663 latera
983 626 1095 664 ardua
1108 625 1223 663 cernit

176 696 345 734 Atlantis
365 695 459 739 duri,
488 693 630 731 coelum
652 694 713 744 qui
734 693 868 730 vertice
888 690 1022 738 fulcit3

178 763 360 806 Atlantis,
389 762 551 799 cinctum
569 760 708 797 assidue
727 760 786 797 cui
806 759 963 796 nubibus
982 759 1069 796 atris

178 829 376 866 Piniferum
395 836 508 878 caput
527 836 565 864 et
585 837 693 864 vento
714 825 880 876 pulsatur
898 835 936 863 et
954 825 1059 862 imbri
1077 842 1088 872 ;

178 895 253 932 Nix
273 895 441 932 humeros
461 893 577 931 infusa
596 894 714 944 tegit:
746 902 825 930 tum
845 893 991 930 flumina
1011 900 1133 930 mento

178 961 424 1011 Praecipitant
447 960 552 1004 senis,
575 971 612 998 et
632 960 748 1011 glacie
766 960 862 1010 riget
881 959 1026 996 horrida
1043 959 1166 996 barba.

178 1027 257 1065 Hic
277 1028 447 1078 primum,
476 1027 622 1077 paribus
643 1028 771 1070 nitens,
791 1026 992 1076 Cyllenius,
1012 1025 1089 1070 alis,

177 1093 354 1131 Constitit
372 1110 381 1133 2
412 1093 496 1130 hinc
518 1102 600 1130 toto
620 1106 794 1142 praeceps
814 1106 850 1129 se
870 1105 1024 1142 corpore
1044 1092 1089 1129 ad
1109 1092 1222 1130 undas

178 1159 284 1196 Misit
303 1175 313 1204 3
342 1160 396 1196 avi
417 1159 550 1203 similis,
579 1172 670 1209 quae
691 1159 829 1195 circum
847 1158 985 1202 littora,
1005 1158 1142 1196 circum

177 1225 343 1263 Piscosos
363 1225 542 1277 scopulos,
571 1225 715 1262 humilis
734 1224 830 1262 volat
849 1238 1005 1276 aequora
1018 1227 1138 1275 juxta.

177 1291 295 1328 Haud
314 1292 429 1336 aliter,
457 1302 569 1329 terras
588 1293 682 1329 inter
700 1291 928 1342 coelumque,
946 1291 1090 1330 volabat

177 1358 306 1396 Littus
320 1372 509 1395 arenosum
530 1359 687 1409 Libyae,
721 1369 919 1408 ventosque
937 1359 1098 1404 secabat,

177 1425 347 1462 blaterno
367 1426 507 1462 veniens
527 1425 571 1461 ab
591 1438 671 1469 am,
691 1424 856 1475 Cyllenia
877 1425 1006 1474 proles.

222 1492 280 1529 Ut
301 1491 457 1541 primum
476 1491 579 1528 alatis
598 1491 724 1542 tetigit
744 1491 897 1542 magalia
916 1491 1062 1541 plantis,

176 1559 330 1596 Aenean
351 1557 564 1595 fundantem
584 1572 695 1601 arces,
716 1572 757 1595 ac
777 1567 877 1595 tecta
897 1567 1102 1603 novantem,

178 1624 394 1674 Conspicit:
423 1633 533 1675 atque
553 1624 604 1660 illi
624 1624 786 1661 stellatus
806 1624 942 1673 iaspide
965 1623 1065 1661 fulva

179 1691 286 1728 Ensis
306 1700 396 1734 erat,
417 1691 609 1741 Tyrioque
629 1691 777 1728 ardebat
798 1691 932 1728 murice
952 1690 1065 1735 laena,

177 1758 346 1795 Demissa
363 1771 408 1794 ex
428 1757 584 1794 humeris
602 1773 612 1802 3
633 1758 731 1794 dives
750 1771 843 1808 quae
862 1771 1008 1795 munera
1026 1758 1132 1796 Dido

179 1824 344 1868 Fecerat,
363 1832 400 1861 et
419 1824 520 1861 tenui
540 1824 629 1861 telas
649 1825 864 1862 discreverat
884 1839 985 1864 auro,
1031 1864 1033 1866 ,

177 1891 364 1929 Continuo
383 1891 518 1928 invadit
535 1906 545 1929 z
577 1891 641 1929 Tu
659 1905 754 1928 nunc
771 1891 1006 1943 Carthaginis
1025 1892 1119 1930 altae

178 1957 429 1995 Fundamenta
447 1957 559 2001 locas,
580 1957 842 2010 pulchramque
863 1958 1010 1996 uxorius
1031 1960 1156 1998 urbem

178 2024 348 2062 Exstruis
366 2026 378 2062 ?
406 2025 476 2062 heu
507 2025 609 2076 regni
629 2039 819 2075 rerumque
839 2025 953 2062 oblite
973 2030 1140 2064 tuarum!

177 2091 263 2141 Ipse
282 2091 388 2129 deum
407 2092 474 2128 tibi
494 2106 550 2129 me
569 2091 667 2129 claro
688 2092 851 2129 demittit
872 2092 1038 2142 Olympo

180 2157 386 2208 Regnator,
405 2158 549 2195 coelum
569 2167 606 2196 et
625 2167 738 2195 terras
758 2159 822 2208 qui
842 2159 988 2196 numine
1010 2168 1186 2212 torquet:

178 2223 264 2273 Ipse
283 2223 372 2262 haec
392 2223 484 2262 ferre
500 2226 604 2277 jubet
624 2225 749 2263 celeris
769 2226 939 2264 mandata
957 2240 1023 2276 per
1040 2240 1143 2265 auras
1161 2242 1172 2265 :

632 2292 780 2330 Dd2
