1493 2605
222 279 296 317 152
487 327 498 332 -
536 275 836 317 AENEmos
895 275 952 314 11.
1127 288 1160 312 v.
1180 272 1267 313 1312

218 390 338 427 Unius
359 389 390 424 in
413 388 526 425 miseri
548 388 698 426 exitium
720 401 889 425 conversa
909 387 1037 424 tulere.

215 457 368 506 Jamque
389 456 464 493 dies.
484 455 628 492 infanda
648 456 769 492 aderat
787 471 797 500 ;
828 454 914 491 mihi
943 468 1041 492 sacra
1060 454 1192 505 parari,

217 524 267 561 Et
291 523 400 560 salsae
422 523 559 571 fruges,
589 531 624 559 ct
646 522 781 558 circum
799 530 963 571 tempora
983 522 1108 559 vittae.

216 591 363 639 Eripui‚
392 590 520 632 fateor,
549 589 622 626 leto
644 603 712 631 me,
741 598 778 626 et
799 587 938 625 vincula
961 589 1042 639 rupi
1061 604 1072 634 ;

216 656 443 706 Limosoque
464 656 544 694 lacu
566 671 630 706 per
649 665 794 694 noctem
815 656 993 693 obscurus
1013 655 1047 691 in
1069 654 1150 691 ulva

216 723 376 766 Dolitui,
405 724 489 760 dnm
511 722 599 765 vela,
629 723 754 759 darent
776 722 802 759 si
825 721 933 765 forte,
966 721 1162 759 dedissent.

215 791 296 828 Nec
318 790 402 826 mihi
419 792 490 841 jam
514 789 665 840 patriam
687 789 870 839 antiquam
892 802 975 839 spes
996 789 1066 826 ulla
1087 787 1244 833 videndi,

216 857 296 896 Nec
317 857 432 895 dulcis
453 867 568 898 natos,
598 865 888 906 exoptatumque
909 866 1092 906 parentem
1111 871 1122 901 3

215 925 322 972 Quos
342 924 391 960 illi
411 923 484 960 fors
505 924 549 960 ad
570 936 702 973 poenas
723 923 771 958 ob
802 932 923 959 nostra
943 931 1136 972 reposcent

217 990 381 1041 Effugia,
401 1000 437 1027 et
459 990 602 1040 culpam
623 989 714 1026 hanc
734 988 944 1026 miserorum
966 1000 1082 1026 morte
1101 988 1270 1039 piabunt.

215 1058 329 1107 Quod
349 1068 399 1100 tc,
420 1071 483 1108 per
503 1071 665 1107 superos,
693 1065 731 1093 et
751 1056 894 1093 conscia
913 1056 1057 1092 numina
1078 1055 1163 1100 veri,

217 1125 300 1169 Per,
322 1125 348 1161 si
366 1139 436 1175 qua
450 1134 504 1162 est
520 1138 612 1175 quae
632 1132 742 1161 restet
758 1123 877 1160 adhuc
894 1122 1106 1160 mortalibus
1120 1135 1272 1172 usquam

216 1193 437 1229 Intemerata
457 1192 560 1235 fides,
588 1206 667 1235 oro,
697 1190 862 1228 miserere
890 1189 1057 1227 laborum

215 1257 423 1294 Tantorum
442 1274 452 1304 3
483 1258 647 1295 miserere
667 1258 774 1294 animi
795 1272 864 1294 non
886 1258 997 1309 digna
1016 1255 1175 1293 ferentis.

269 1323 343 1361 His
362 1323 516 1361 lacrimis
536 1325 643 1361 vitam
665 1325 803 1368 damus,
824 1333 861 1361 et
877 1323 1136 1360 miserescimus
1156 1320 1268 1359 ultro.

217 1391 302 1440 Ipse
325 1391 399 1427 viro
420 1391 556 1440 primus
577 1390 730 1427 manicas
749 1391 859 1440 atque
879 1398 954 1427 arta
974 1388 1082 1426 levari

215 1457 347 1494 Vincla
363 1458 469 1508 jubet
491 1458 653 1495 Priamus
673 1473 683 1503 ;
713 1457 895 1507 dictisque
915 1456 964 1492 ita
997 1455 1096 1492 fatur
1120 1455 1242 1492 amicis
1256 1470 1267 1492 ε

216 1525 393 1575 Quisquis
412 1539 462 1569 es,
492 1524 638 1562 amissos
657 1524 741 1560 hinc
758 1525 831 1575 jam
851 1523 1060 1560 obliviscere
1077 1522 1212 1561 Graios
1229 1538 1242 1568 ς

216 1592 353 1629 Noster
371 1592 439 1628 eris
457 1607 465 1629 :
497 1591 656 1641 mihique
677 1591 764 1628 haec
785 1591 936 1627 edissere
954 1602 1034 1627 vera
1054 1588 1213 1640 roganti.

215 1659 304 1707 Quo
317 1658 448 1694 molem
461 1657 551 1694 hanc
564 1656 727 1693 immanis
739 1657 823 1706 equi
837 1656 1016 1694 statuere?
1031 1657 1112 1706 quis
1125 1655 1271 1693 auctor?

216 1725 361 1775 Quidve
377 1725 532 1775 petunt?
545 1739 636 1774 quae
650 1723 799 1775 religio?
811 1733 874 1760 aut
888 1737 979 1773 quae
992 1723 1155 1760 machina
1167 1722 1270 1762 belli?

214 1791 387 1829 Dixerat.
420 1791 502 1835 Ille,
522 1790 615 1828 dolis
634 1791 846 1834 instructus,
875 1799 911 1826 et
932 1798 1008 1826 arte
1030 1788 1196 1841 Pelasga,

218 1857 389 1902 Sustulit,
418 1867 547 1895 exutas
567 1857 706 1902 vinclis,
736 1858 781 1895 ad
811 1857 927 1894 sidera
946 1855 1107 1906 palmas:

215 1925 309 1968 Vos,
338 1925 472 1962 aeterni
492 1925 608 1976 ignes,
637 1934 674 1962 et
695 1937 764 1961 non
787 1923 951 1961 violabile
973 1931 1133 1973 yestrum

215 1988 354 2028 Testor
380 2005 525 2035 numen,
555 1991 633 2036 ait;
664 2005 740 2035 vos,
769 2004 861 2033 arae,
890 2003 1063 2040 ensesque
1082 1988 1241 2034 nefandi,

215 2058 320 2106 Quos
342 2057 434 2108 fugi,
464 2059 648 2108 vittaeque
667 2058 787 2102 desim,
817 2070 905 2108 quas
925 2057 1042 2093 hostia
1062 2057 1157 2107 gessi
1175 2071 1185 2094 :

217 2123 288 2159 Fas
308 2124 392 2161 mihi
415 2125 611 2164 Graiorum
634 2133 771 2162 sacrata
792 2124 966 2161 resolvere
979 2125 1060 2174 jura
1077 2138 1088 2168 3

219 2190 287 2227 Fas
307 2191 423 2229 odisse
443 2192 551 2238 viros,
581 2201 691 2243 atquc
711 2191 832 2230 omnia
848 2191 938 2230 ferre
957 2191 1024 2230 sub
1043 2204 1167 2235 auras,-
