1493 2605
162 369 196 392 v.
215 358 302 393 355.
463 353 762 396 AENEIDOS
820 356 900 392 111.
1129 359 1204 396 189

161 464 348 514 Impositis
367 478 454 500 auro
475 465 642 514 dapibus,
671 474 882 514 paterasque
901 465 1084 502 tenebant.

210 533 361 581 Jamque
382 531 470 574 dies,
498 531 660 579 alterque
681 531 755 566 dies
775 532 950 580 processit
969 547 979 576 ;
1012 540 1048 568 et
1069 546 1176 570 aurae

157 598 250 634 Vela
270 608 412 640 vocant,
441 596 652 645 tumidoque
673 596 819 632 inflatur
834 597 1000 633 carbasus
1020 607 1155 636 austro.

157 663 231 699 His
252 673 367 700 vatem
388 663 583 713 aggredior
603 662 722 704 dictis,
743 676 783 699 ac
803 662 888 699 talia
907 677 1036 712 quaeso
1051 678 1062 700 ε

155 727 377 780 Trojugena‚
398 728 573 778 interpres
593 728 726 771 divom,
748 728 808 777 qui
830 729 972 764 numina
994 729 1148 774 Phoebi,

155 794 231 843 Qui
251 795 426 843 tripodas,
448 794 558 832 Clarii
578 793 711 836 lauros,
733 794 794 843 qui
815 794 929 830 sidera
948 795 1070 839 sentis,

154 860 207 896 Et
229 860 412 897 volucrum
432 860 587 911 linguata,
616 869 652 896 et
674 861 853 911 praepetis
873 861 990 897 omina
1010 875 1143 911 pennae
1160 877 1171 907 3

154 926 244 963 Fare
252 940 332 977 age,
343 927 513 979 (namque
525 940 666 962 omnem
680 940 822 963 cursum
830 926 914 962 mihi
928 941 1096 978 prospera
1108 927 1200 964 dixit

154 991 314 1042 Religio,
333 1001 370 1028 et
390 992 511 1029 cuncti
533 1001 717 1029 suaserunt
738 992 879 1029 numine
899 993 971 1028 divi

152 1057 293 1093 Italiam
313 1068 448 1107 petere,
476 1068 512 1095 et
532 1068 643 1095 terras
662 1067 800 1095 tentare
822 1069 1009 1107 repostas:

151 1122 237 1161 Sola
256 1137 401 1166 novum,
421 1124 593 1174 dictuque
614 1124 724 1168 nefas,
748 1124 916 1174 Harpyia
936 1123 1091 1162 Celaeno

151 1189 365 1240 Prodigium
383 1190 493 1234 canit,
520 1199 556 1227 et
579 1191 692 1227 tristis
713 1192 905 1227 denuntiat
928 1190 1010 1234 iras,

151 1256 427 1306 Obscenamque
448 1256 598 1308 famem)
623 1271 714 1307 quae
735 1257 849 1306 prima
870 1256 1031 1306 pericula
1051 1256 1154 1295 vito?

149 1321 294 1370 Quidve
314 1336 462 1372 sequens
483 1332 604 1359 tantos
633 1323 766 1373 possim
788 1336 954 1372 superare
973 1322 1112 1359 labores
1129 1324 1143 1360 ἓ

148 1386 227 1424 Hic
248 1387 425 1432 Helenus,
445 1389 554 1425 caesis
573 1389 728 1438 primum
749 1389 794 1426 de
813 1402 912 1425 more
926 1388 1101 1439 juvencis,

148 1453 291 1490 Exorat
309 1467 433 1504 pacem
454 1454 587 1498 divom,
615 1454 794 1504 vittasque
819 1453 965 1491 resolvit
1072 1441 1079 1445 s

148 1521 287 1557 Sacrati
307 1521 448 1571 capitis,
478 1535 606 1571 meque
629 1521 674 1557 ad
694 1530 758 1557 tua
777 1520 912 1564 limina,
934 1521 1096 1566 Phoebe,

148 1587 234 1636 Ipse
252 1601 370 1631 manu,
390 1587 505 1624 multo
526 1601 735 1636 suspensum
755 1587 912 1630 numine,
932 1587 1060 1631 ducit;

143 1653 279 1703 Atque
298 1654 386 1690 haec
406 1653 533 1690 deinde
554 1653 649 1690 canit
670 1654 790 1689 divino
810 1667 855 1690 ex
875 1667 937 1689 ore
957 1653 1145 1691 sacerdos:

198 1719 296 1756 Nate
316 1719 395 1763 dea,
415 1733 494 1756 nam
514 1728 550 1756 te
571 1719 764 1770 majoribus
783 1719 832 1755 ire
852 1733 916 1768 per
934 1718 1046 1755 altum

144 1785 334 1836 Auspiciis
353 1784 540 1822 manifesta
560 1785 648 1822 fides
666 1801 676 1830 3
707 1786 756 1822 sic
777 1784 852 1821 fata
871 1785 977 1821 deum
998 1798 1058 1821 rex

146 1851 319 1894 Sortitur,
339 1850 521 1900 volvitque
541 1851 635 1888 vices
653 1867 661 1889 :
693 1852 721 1888 is
745 1851 896 1888 vertitur
913 1850 1028 1888 ordo:

144 1917 265 1954 Pauca
284 1917 351 1954 tibi
370 1931 389 1953 e
408 1917 542 1961 multis,
571 1932 644 1967 quo
661 1918 777 1954 tutior
791 1917 938 1966 hospita
955 1916 1084 1953 lustres

144 1985 335 2034 Aequora,
355 1993 392 2021 et
412 1984 582 2022 Ausonio
601 1985 716 2034 possis
736 1984 919 2021 considere
938 1993 1065 2033 portu,

144 2051 349 2100 Expediam
369 2050 501 2095 dictis;
530 2051 725 2100 prohibent
741 2064 821 2087 nam
836 2059 955 2087 cetera
976 2051 1108 2088 Parcae

144 2117 259 2161 Scire,
288 2117 474 2154 Helenum
493 2116 631 2166 farique
651 2127 749 2153 vetat
772 2117 939 2154 Saturnia
958 2117 1067 2154 Juno.

143 2183 340 2232 Principio,
370 2182 527 2228 Italiam,
555 2196 662 2232 quam
682 2192 721 2219 tu
736 2185 811 2233 jam
832 2196 907 2219 rere
930 2184 1186 2234 propinquam,

141 2248 378 2299 Vicinosque,
397 2249 534 2300 ignare,
554 2263 656 2299 paras
676 2249 840 2287 invadere
858 2258 1000 2300 portus,
