1493 2605
216 291 251 322 v,
272 279 357 322 188.
539 276 884 317 GEORGICON
940 279 973 322 Ι,
1214 284 1266 323 45

217 389 351 426 Induet
370 387 404 424 in
426 388 563 434 florem,
590 397 628 426 et
648 403 762 426 ramos
783 390 946 426 curvabit
966 382 1106 429 olenti's.

218 456 257 494 Si
277 465 444 505 superant
464 455 573 500 fetus,
593 456 726 506 pariter
745 455 921 493 frumenta
942 467 1149 506 sequentur,

216 523 427 574 Magnaque
447 536 528 559 cum
558 536 688 573 magno
709 521 823 558 veniet
842 522 971 559 tritura
991 522 1106 560 calore
1124 538 1134 561 :

214 589 290 634 At,
311 589 338 625 si
357 588 500 625 luxuria
519 588 688 625 foliorum
708 589 881 624 exuberat
903 590 1039 631 umbra,

216 655 472 706 Nequidquam
493 655 637 706 pinguis
659 653 757 704 palea
779 663 869 690 teret
889 668 969 690 area
987 654 1138 692 culmos.

270 722 411 759 Semina
429 722 499 758 vidi
518 721 685 771 equidem
705 719 836 756 multos
856 720 1031 757 medicare
1050 730 1218 768 serentes,

215 787 271 825 Et
291 788 384 824 nitro
405 788 503 837 prius
523 796 559 824 et
581 787 683 837 nigra
703 785 916 836 perfundere
937 800 1080 823 amurca
1097 802 1109 832 ς

216 854 403 892 Grandior
422 863 464 890 ut
483 853 578 890 fetus
593 853 729 903 siliquis
749 852 935 890 fallacibus
950 863 1056 896 esset,

216 915 270 956 Et
290 919 450 969 quamvis
468 919 542 970 igni
561 920 695 970 exiguo
716 928 907 968 properata
926 920 1122 956 maderent.

216 986 304 1023 Vidi
323 985 416 1023 lecta
435 986 508 1030 diu,
527 994 564 1022 et
584 986 698 1022 multo
719 995 879 1036 spectata
897 985 1031 1030 labore,

216 1052 453 1103 Degenerare
472 1064 587 1090 tamen
607 1068 617 1097 ;
648 1052 682 1088 ni
703 1052 752 1088 vis
772 1051 924 1088 humana
943 1052 1135 1102 quotannis

214 1118 561 1168 Maxima·quaeque
581 1132 684 1155 manu
707 1119 840 1170 legeret
861 1133 870 1156 ι
902 1119 951 1155 sic
972 1118 1089 1154 omnia
1108 1118 1191 1155 fatis

216 1186 261 1222 In
281 1186 382 1235 pejus
403 1198 515 1228 ruere,
539 1198 578 1222 ac
600 1194 697 1222 retro
717 1185 884 1234 sublapsa
903 1185 1023 1221 referri
1047 1200 1057 1228 ;

216 1251 303 1289 Non
323 1250 436 1295 aliter,
456 1265 564 1300 quam
585 1252 646 1302 qui
665 1251 810 1287 adverso
828 1251 883 1286 vix
905 1250 1049 1287 flumine
1068 1251 1225 1287 lembum

216 1317 396 1368 Remigiis
415 1317 564 1368 subigit,
582 1317 609 1354 si
630 1317 775 1354 brachia
796 1315 891 1353 forte
910 1318 1058 1361 remisit,

214 1384 347 1434 Atque
366 1383 466 1420 illum
486 1385 520 1420 in
541 1397 713 1434 praeceps
735 1398 848 1433 prono
869 1384 962 1432 rapit
984 1384 1103 1421 alveus
1124 1386 1229 1427 amni,

267 1451 471 1494 Praeterea,
491 1459 564 1486 tam
586 1459 668 1486 sunt
686 1450 842 1486 Arcturi
863 1450 974 1486 sidera
994 1451 1110 1494 nobis,

213 1517 505 1567 Haedorumque
525 1517 599 1553 dies
620 1517 796 1560 servandi,
816 1530 853 1554 et
872 1516 1011 1554 lucidus
1034 1518 1196 1568 Anguis,

215 1585 337 1633 Quam
357 1584 487 1633 quibus
507 1583 541 1618 in
562 1583 713 1633 patriam
733 1593 880 1619 ventosa
901 1597 963 1632 per
983 1598 1138 1633 aequora
1159 1585 1270 1622 vectis

215 1650 357 1688 Pontus
385 1658 422 1685 et
443 1648 599 1686 ostriferi
622 1649 742 1686 fauces
761 1658 950 1685 tentantur
969 1650 1114 1700 Abydi.

214 1716 332 1755 Libra
351 1716 408 1753 die
429 1716 615 1765 somnique
644 1729 746 1765 pares
766 1716 825 1752 ubi
846 1715 971 1752 fecerit
992 1717 1110 1760 horas,

216 1783 270 1821 Et
290 1783 447 1820 medium
464 1782 537 1819 luci
557 1790 668 1831 atque
688 1783 822 1818 umbris
837 1784 911 1832 jam
931 1783 1058 1818 dividit
1079 1784 1218 1828 orbem,

216 1850 399 1887 Exercete
422 1848 484 1884 viri
504 1857 625 1884 tauros
644 1865 653 1893 ;
683 1849 786 1884 serite
807 1848 940 1884 hordea
960 1850 1094 1898 campis

215 1919 345 1966 Usque
365 1917 429 1952 sub
449 1924 648 1952 extremum
669 1915 815 1951 brumae
834 1915 1070 1952 intractabssis
1089 1916 1275 1961 imbrem.'4

215 1984 295 2028 Nee
317 1996 386 2018 non
405 1990 442 2018 et
462 1980 524 2017 lini
543 1991 715 2032 segetem,
736 1991 771 2017 et
789 1981 935 2018 Cereale
952 1996 1118 2030 papaver,
1157 1985 1269 2033 [tris;

216 2050 383 2099 Tempus
400 2048 512 2085 humo
532 2056 668 2098 tegere,
689 2057 725 2084 et
739 2048 951 2098 jamdudum
972 2048 1175 2086 incumbere
1197 2064 1272 2087 ara·

216 2117 322 2155 Dum
342 2116 435 2152 sicca
454 2114 582 2152 tellure
601 2114 698 2159 licet,
719 2115 805 2151 durn
826 2115 945 2151 nubila
967 2116 1133 2165 pendent.

218 2182 315 2229 Vere
333 2181 424 2219 fabis
443 2181 533 2219 satio
551 2197 561 2220 z
590 2190 670 2219 turn
689 2191 725 2219 te
745 2195 904 2232 quoque,
925 2182 1086 2228 Medica,
1104 2192 1229 2233 putres
