1493 2605
273 277 346 313 126
495 329 505 334 ¹
584 274 885 314 AENEIDOS
943 277 975 314 1.
1171 279 1312 317 v.181.

264 387 502 436 Prospectum
522 384 594 422 late
614 385 745 436 pelago
767 387 859 435 petit
879 401 888 430 ς
920 386 1071 424 Anthea
1090 387 1118 424 si
1138 401 1247 438 quem

261 453 445 489 Jactatum
467 460 572 488 vento
593 451 724 493 videat,
754 451 1008 503 Phrygiasque
1027 453 1186 499 biremis,

263 519 346 555 Aut
368 519 511 567 Capyn.
532 526 594 554 aut
615 517 717 554 celsis
736 517 769 553 in
800 518 982 569 puppibus
1001 532 1095 556 arma
1115 520 1229 559 Caici.

262 586 399 625 Navem
418 586 452 621 in
475 593 674 633 conspectu
696 583 826 621 nullam
843 599 853 626 ;
883 585 948 622 tris
963 585 1085 622 littore
1105 601 1230 624 cervos

261 651 443 702 prospicit
461 650 610 687 errantis
628 664 638 687 ε
669 650 734 686 hos
755 659 834 687 tota
854 662 1014 688 armenta
1033 662 1233 703 sequuntur

258 721 300 758 A
319 728 439 769 tergo,
458 726 494 754 et
511 716 660 768 longum
681 730 745 766 per
760 716 856 753 vallis
876 718 1036 767 pascitur
1055 732 1200 769 agmen.

259 785 436 824 Constitit
455 784 528 827 hic,
557 796 750 833 arcumque
771 796 877 820 manu
897 783 1093 834 celerisque
1113 786 1264 838 sagittas

259 851 462 902 Corripuit,
491 850 582 887 fidus
601 863 693 899 quae
713 849 784 886 tela
803 851 953 901 gerebat
974 851 1143 889 Achates
1161 868 1171 897 3

257 918 516 967 Ductoresque
535 917 633 966 ipsos
653 916 820 966 primum,
849 917 968 968 capita
987 917 1059 955 alta
1079 917 1228 956 ferentis

256 984 439 1024 Cornibus
458 983 628 1027 arboreis,
657 983 809 1029 sternit;
829 992 908 1020 tum
923 983 1050 1035 volgus
1067 1000 1077 1030 ;
1107 995 1145 1022 et
1165 999 1307 1022 omnem

256 1051 393 1088 Miscet
414 1063 522 1102 agens
541 1049 620 1086 telis
641 1063 783 1086 nemora
812 1049 906 1086 inter
927 1049 1073 1087 frondea
1095 1052 1252 1089 turbam.

256 1118 337 1155 Nec
357 1117 454 1167 prius
474 1115 629 1159 absistit,
657 1129 765 1165 quam
781 1124 920 1165 septem
941 1116 1101 1168 ingentia
1117 1117 1235 1154 victor

255 1184 422 1234 Corpora
438 1182 566 1219 fundat
581 1182 696 1225 humi,
716 1193 753 1220 et
775 1196 961 1220 numerum
979 1197 1062 1220 cum
1084 1184 1232 1222 navibus
1251 1197 1308 1222 ae-

256 1251 358 1288 Hinc
370 1259 518 1299 portum
530 1249 679 1299 petit,et
692 1249 807 1286 socios
818 1249 970 1299 partitur
984 1249 1017 1286 in
1029 1250 1155 1287 omnis.
1188 1254 1304 1301 [quet.

255 1317 352 1353 Vina
370 1317 487 1353 bonus
508 1329 600 1365 quae
621 1315 749 1352 deinde
770 1315 866 1352 cadis
884 1327 1048 1353 onerarat
1068 1317 1227 1354 Acestes

256 1385 404 1422 Littore
424 1382 629 1426 Trinacrio,
657 1381 877 1431 dederatque
897 1383 1113 1420 abeuntibus
1133 1384 1252 1428 heros,

255 1450 414 1492 Dividit,
434 1458 470 1486 et
490 1448 597 1485 dictis
617 1448 810 1485 moerentia
831 1458 980 1498 pectora
999 1449 1159 1487 mulcet:

308 1518 343 1556 O
362 1517 446 1554 socii
461 1519 469 1554 !
495 1530 609 1566 neque
624 1516 715 1552 enim
734 1515 849 1567 ignari
867 1529 987 1552 sumus
1003 1526 1085 1553 ante
1101 1517 1276 1555 malorum
1291 1534 1302 1564 3

255 1584 291 1622 O
314 1583 405 1634 passi
426 1582 588 1633 graviora
607 1584 615 1619 !
650 1582 752 1618 dabit
774 1582 878 1619 Deus
899 1583 954 1619 his
975 1597 1122 1632 quoque
1142 1583 1262 1621 finem.

253 1651 332 1688 Vos
351 1659 389 1687 et
411 1648 612 1698 Scyllaeam
631 1649 766 1686 rabiem
786 1649 1002 1699 penitusque
1022 1650 1180 1688 sonantis

252 1716 428 1754 Accestis
448 1714 618 1765 scopulos
635 1730 645 1753 ε
677 1729 739 1753 vos
761 1725 796 1752 et
818 1715 1008 1766 Cyclopea
1027 1729 1110 1752 saxa

253 1784 423 1835 Experti.
475 1784 660 1821 Revocate
680 1783 829 1827 animos,
849 1793 1100 1833 moestumque
1119 1782 1284 1821 timorem

252 1850 397 1888 Mittite
415 1866 424 1888 :
456 1850 575 1887 forsan
595 1861 632 1887 et
652 1850 742 1887 haec
762 1850 847 1887 olim
871 1850 1070 1887 meminisse
1092 1850 1247 1901 juvabit.

252 1917 323 1954 Per
341 1917 454 1953 varios
473 1929 590 1961 casus,
621 1930 684 1967 per
702 1925 760 1953 tot
782 1917 987 1953 discrimina
1009 1929 1141 1960 rerum,

251 1982 452 2021 Tendimus
470 1983 505 2019 in
527 1983 678 2020 Latium
696 1998 706 2027 ;
736 1984 836 2020 sedes
856 1983 918 2019 ubi
936 1981 1010 2018 fata
1029 1981 1169 2032 quietas

253 2051 462 2088 Ostendant
479 2065 487 2087 z
518 2049 590 2087 illic
610 2049 663 2086 fas
683 2063 795 2101 regna
813 2063 998 2100 resurgere
1017 2049 1167 2100 Trojae.

252 2117 410 2160 Durate,
429 2125 466 2153 et
486 2125 622 2153 vosmet
641 2116 748 2153 rebus
769 2126 906 2155 servate
925 2115 1102 2154 secundis.

303 2184 410 2221 Talia
431 2198 517 2223 voce
537 2183 671 2230 refert3
701 2184 870 2234 curisque
890 2184 1101 2235 ingentibus
1119 2197 1227 2236 aeger
