1493 2605
226 303 299 338 154
512 299 843 338 ‚AENEmos
903 300 960 338 11.
1142 303 1284 351 v.1„s7.

226 413 285 451 Ne
305 411 414 462 recipi
437 412 566 460 portis.
595 420 658 448 aut
680 412 762 448 duci
784 412 817 448 in
840 412 996 457 moenia,
1019 413 1148 463 possit,

227 479 309 518 Neu
332 478 511 529 populum
531 478 680 528 antiqua
701 479 769 514 sub
799 478 972 529 religione
993 480 1099 517 tueri.

227 547 337 590 Nam,
367 546 394 584 si
416 555 532 582 vestra
552 558 677 581 manus
699 544 864 582 violasset
885 546 980 582 dona
1003 547 1204 590 Minervae,

225 613 328 651 Tum
346 626 518 663 magnum
531 611 699 655 exitium,
715 611 816 661 quod
832 612 869 648 di
886 612 986 662 prius
1001 627 1105 650 omen
1119 614 1153 650 in
1169 614 1289 664 ipsum

229 681 473 719 Convertant!
494 678 626 716 Priami
640 677 792 727 imperio
811 677 1094 729 Phrygibusque
1106 679 1287 718 futurum:

232 747 294 784 Sin
318 746 482 782 manibus
503 745 628 782 vestris
649 755 802 782 vestram
824 746 1067 783 adscendisset
1088 747 1122 783 in
1148 747 1290 793 urbem,

229 813 343 852 Ultro
364 813 494 850 Asiam
517 825 650 863 magno
673 811 833 861 Pelopea
852 812 897 848 ad
918 813 1058 849 moenia
1083 811 1181 850 bello

228 881 446 923 Venturam,
474 888 511 916 et
533 888 676 916 nostros
695 892 736 915 ea
756 877 832 915 fata
852 892 994 915 manere
1015 888 1180 928 nepotes.

284 947 441 986 Talibus
461 946 596 983 insidiis
617 946 823 996 perjurique
844 955 920 983 arte
943 945 1090 983 Sinonis

231 1015 381 1053 Credita
404 1028 459 1051 res
478 1029 487 1058 ;
518 1013 690 1063 captique
711 1012 816 1057 dolis,
843 1011 1072 1062 lacrimisque
1093 1013 1245 1058 coactis,

233 1084 338 1132 Quos
359 1095 474 1130 neque
494 1080 677 1130 Tydides,
706 1094 770 1117 nec
793 1079 1004 1117 Larissaeus
1025 1079 1208 1125 Achilles,

232 1150 318 1187 Non
340 1151 422 1184 anni
442 1147 615 1184 domuere
637 1147 776 1190 decem,
806 1160 876 1182 non
899 1145 994 1183 mille
1014 1146 1166 1184 carinae.

289 1216 367 1253 Hic
388 1214 485 1251 aliud
506 1216 620 1266 majus
641 1213 777 1250 miseris
797 1213 990 1263 multoque
1010 1214 1240 1251 tremendum

234 1282 423 1333 Objicitur
440 1281 567 1332 magis,
598 1292 709 1330 atque
728 1280 930 1330 improvida
950 1289 1101 1330 pectora
1124 1281 1271 1318 turban

235 1350 429 1393 Laocoon,
459 1349 593 1385 ductus
613 1347 793 1397 Neptuno
816 1356 913 1384 sorte
933 1348 1116 1392 sacerdos,

237 1415 428 1454 sollemnis
447 1425 593 1452 taurum
613 1414 797 1465 ingentem
826 1414 1010 1451 mactabat
1030 1414 1076 1450 ad
1095 1427 1185 1452 aras.

235 1483 338 1522 Ecce
356 1485 364 1521 !
390 1492 510 1520 autem
531 1481 665 1533 gemini
685 1480 887 1525 aTenedo,
907 1480 1103 1532 tranquilla
1122 1495 1189 1532 per
1207 1481 1294 1528 alta,

240 1550 455 1603 (Horresco
475 1548 653 1600 referens)
677 1547 856 1586 immensis
875 1547 1026 1585 orbibus
1051 1562 1188 1600 angues

237 1617 466 1655 Incumbunt
487 1615 633 1667 pelago,
661 1614 869 1665 pariterque
902 1615 946 1652 ad
966 1614 1092 1652 littora
1110 1615 1292 1653 tendunt:

238 1685 397 1722 Pectora
415 1696 572 1734 quorum
592 1682 687 1719 inter
706 1681 839 1719 fluctus
857 1691 997 1719 arrecta
1013 1682 1197 1734 jubaeque

242 1751 470 1802 Sanguineae
489 1758 710 1800 exsuperant
730 1749 844 1787 undas
863 1764 873 1794 ;
903 1762 986 1799 pars
1001 1758 1123 1787 cetera
1141 1758 1296 1801 pontum

238 1819 339 1857 Pone
359 1817 465 1869 legit,
495 1816 710 1866 sinuantque
729 1816 903 1853 immensa
921 1815 1103 1853 volumine
1121 1825 1239 1868 terga.

240 1885 302 1924 Fit
322 1886 475 1928 sonitus,
505 1892 695 1935 spumante
715 1882 790 1920 salo
809 1898 818 1920 :
841 1885 988 1935 jamque
1008 1896 1091 1920 arva
1109 1884 1297 1930 tenebant,

240 1951 494 2001 Ardentisque
514 1950 804 1988 oculossuffecti
825 1950 1001 2001 sanguine
1020 1958 1058 1987 et
1077 1950 1170 2001 igni,

241 2018 355 2058 Sibila
373 2017 581 2055 lambebant
609 2016 743 2068 linguis
764 2015 988 2054 vibrantibus
1007 2030 1082 2053 ora.

240 2084 472 2137 Diffugimus
491 2085 568 2122 visu
587 2097 803 2136 exsangues.
849 2083 907 2120 Illi
927 2083 1070 2134 agmine
1089 2092 1190 2120 certo

240 2151 458 2191 Laocoonta
476 2160 608 2202 petunt
626 2167 636 2197 3
666 2160 704 2189 et
723 2150 879 2201 primum
907 2163 1016 2200 parva
1035 2149 1191 2190 duorum

240 2217 406 2268 Corpora
425 2227 595 2257 natorum
614 2231 760 2269 serpens
779 2216 966 2268 amplexus
986 2227 1140 2268 uterque
