1493 2605
226 280 259 304 v.
276 268 364 304 325.
527 266 871 304 GEORGICON
930 266 987 302 11.
1219 272 1270 308 69

223 374 324 412 Tum
343 383 444 425 pater
461 376 686 424 omnipotens
706 376 867 413 fecundis
882 374 1054 413 imbribus
1074 377 1220 415 Aether

220 440 452 492 Conjugis-in
471 442 646 492 gremium
664 441 778 495 laetae
797 443 996 486 descendit,
1016 451 1053 479 et
1072 456 1194 480 omnes

222 505 382 556 Magnus
401 507 476 551 alit,
497 521 628 559 magno
648 509 866 545 commixtus
885 523 1050 558 corpore,
1069 507 1179 546 fetus.

219 572 319 609 Avia
337 582 414 610 tum
433 584 599 611 resonant
618 575 740 611 avibus
760 574 914 625 virgulta
935 575 1086 618 canoris,

220 638 274 675 Et
294 641 471 677 Venerem
491 628 598 677 certis
618 650 788 690 repetunt
803 651 961 677 armenta
982 642 1107 679 diebus
1125 657 1135 687 ;
1167 676 1170 678 ,

219 703 382 742 Parturit
400 705 512 743 almus
531 720 617 757 ager
633 722 643 751 ;
673 707 911 756 Zephyrique
932 708 1140 756 tepentibus
1159 709 1252 745 auris

221 769 367 807 Laxant
386 785 468 808 arva
487 772 583 808 sinus
601 787 611 816 ς
641 782 786 821 superat
806 782 908 809 tener
925 774 1091 810 omnibus
1111 774 1267 819 humor;

219 837 336 887 Inque
355 851 464 875 novos
483 838 574 875 soles
593 839 727 876 audent
748 853 783 875 se
804 839 964 889 germina
983 849 1065 876 tuto

218 903 375 941 Credere
393 920 402 941 :
432 918 497 941 nec
518 905 648 941 metuit
669 905 849 955 surgentis
870 905 1058 956 pampinus
1078 907 1256 951 Austros,

215 969 302 1006 Aut
321 979 443 1006 actum
463 969 564 1007 coelo
583 971 721 1021 magnis
740 970 990 1020 Aquilonibus
1010 972 1156 1008 imbrem
1174 988 1187 1017 ;

221 1036 295 1072 Sed
312 1036 428 1073 trudit
448 1050 620 1087 gemmas,
641 1046 678 1073 et
697 1036 833 1073 frondis
853 1037 1011 1087 explicat
1032 1041 1159 1076 omnis.

268 1095 355 1139 Non
375 1101 462 1138 alios
482 1102 596 1152 prima
614 1102 806 1140 crescentis
826 1103 966 1153 origine
986 1104 1110 1140 mundi

219 1166 388 1204 Illuxisse
407 1167 505 1214 dies„
515 1167 665 1204 aliumve
685 1169 849 1205 habuisse
869 1178 1041 1213 tenorem,

213 1232 437 1270 Crediderim
455 1248 464 1270 :
496 1248 556 1270 ver
574 1233 663 1270 illud
681 1244 756 1271 erat
773 1250 783 1279 ;
811 1249 874 1271 ver
892 1248 1043 1285 magnus
1063 1236 1195 1286 agebat.

212 1299 337 1343 Orbis,
356 1308 393 1336 et
412 1299 568 1336 hibernis
587 1301 780 1349 parcebant
802 1301 945 1337 flatibus
974 1302 1065 1337 Euri
1084 1318 1094 1346 ;

211 1366 337 1415 Quum
356 1366 490 1415 primae
509 1365 626 1402 lucem
646 1366 802 1415 pecudes
821 1367 981 1410 hausere,
1002 1367 1184 1418 virumque

212 1431 345 1468 Ferrea
364 1431 552 1482 progenies
572 1431 669 1468 duris
689 1442 799 1481 caput
820 1431 951 1468 extulit
972 1434 1075 1476 arvis,

215 1496 473 1546 Immissaeque
493 1496 587 1534 ferae
608 1497 714 1541 silvis,
734 1507 770 1534 et
792 1498 904 1534 sidera
923 1497 1037 1535 coelo.

210 1564 290 1602 Nec
310 1576 364 1600 res
383 1563 478 1599 hunc
498 1572 639 1600 tenerae
659 1573 803 1613 possent
823 1562 981 1612 perferre
1001 1563 1172 1610 laborem,

214 1631 253 1669 Si
273 1644 343 1666 non
362 1639 466 1667 tanta
485 1630 586 1679 quies
604 1630 669 1666 iret
689 1629 875 1680 frigusque
895 1629 1121 1679 caloremque

209 1695 326 1739 Inter,
340 1705 377 1733 et
392 1696 578 1745 exciperet
594 1696 685 1732 coeli
702 1695 929 1746 indulgentia
944 1705 1068 1732 terras.
1116 1699 1259 1747 [agros,

261 1765 374 1814 Quod
394 1775 569 1813 superest,
589 1777 836 1813 quaecumque
865 1776 1002 1812 premes
1021 1762 1177 1813 virgulta
1195 1778 1261 1813 per

209 1831 349 1880 Sparge
368 1830 453 1866 fimo
473 1830 615 1880 pingui,
644 1840 682 1866 et
702 1828 816 1865 multa
836 1842 969 1865 memor
989 1829 1115 1865 occule
1136 1841 1229 1866 term
1245 1844 1256 1866 t

206 1897 292 1934 Aut
304 1895 460 1945 lapidem
471 1895 650 1939 bibulum,
663 1905 722 1932 aut
739 1894 932 1945 squalentis
943 1894 1062 1931 infode
1075 1896 1230 1932 conchas
1243 1911 1257 1942 ς

206 1964 311 2001 Inter
327 1963 420 1999 enim
438 1961 604 1998 labentur
622 1974 748 2010 aquae,
763 1961 951 2010 tenuisque
966 1961 1100 1998 subibit

207 2028 372 2072 Halitus,
387 2037 496 2077 atque
511 2027 647 2064 animos
662 2026 791 2064 tollent
808 2037 893 2064 sata.
943 2028 1094 2076 Jamque
1111 2027 1255 2076 reperti,

206 2096 283 2145 Qui
303 2109 389 2131 saxo
409 2108 530 2144 super,
548 2103 657 2143 atque
676 2093 832 2144 ingentis
851 2093 1008 2143 pondere
1029 2103 1155 2137 testae,

206 2162 421 2213 Urguerent
439 2175 450 2199 z
479 2161 550 2198 hoc
570 2159 702 2198 effusos
720 2160 898 2198 munimen
919 2160 963 2197 ad
982 2159 1103 2197 imbris
1117 2173 1131 2205 5
