1493 2605
243 271 295 308 64·
525 269 873 310 GEORGICON
929 271 987 309 11.
1155 287 1188 310 ν.
1211 267 1297 313 186'.

242 379 398 430 Qualem
420 394 524 431 saepe
545 394 629 419 cava
650 382 782 419 montis
801 382 961 420 convalle
981 382 1136 421 solemus

239 449 445 498 Dispiccre‚
471 448 562 500 (huc
583 449 729 484 summis
747 447 936 498 liquuntur
954 449 1102 499 rupibus
1121 463 1255 496 amnes,

237 515 467 566 Felicemque
488 515 637 551 trahunt
658 513 804 565 limum)
827 514 963 564 quique
980 515 1100 553 editus
1118 525 1256 561 austro,

237 583 289 620 Et
312 582 439 619 filicem
459 581 577 618 curvis
598 581 743 617 invisam
764 581 879 631 pascit
902 582 1056 626 aratris3

238 649 316 686 Hic
338 649 403 686 tibi
427 647 644 698 praevalidas
663 648 747 685 olim
769 647 957 700 multoque
978 649 1120 687 fluentis

237 715 401 753 Sufficiet
424 715 571 753 Baccho
591 715 697 752 vitis:
729 715 787 752 hic
817 714 942 753 fertilis
963 729 1076 761 uvae3

234 783 313 820 Hic
332 783 460 825 laticis,
490 782 632 832 qualem
660 782 792 832 pateris
820 781 972 819 libamus
1000 791 1038 819 et
1065 795 1170 826 auro,

234 851 376 887 Inflavit
406 863 519 900 quum
550 848 695 900 pinguis
722 849 813 885 ebur
839 848 1057 899 Tyrrhenus
1085 850 1130 886 ad
1158 862 1249 892 aras,

232 917 421 955 Lancibus
449 925 486 953 et
516 916 641 966 pandis
670 915 845 952 fumantia
879 914 1060 952 reddimus
1086 925 1184 953 exta.

232 983 295 1020 Sin
325 993 486 1020 armenta
515 982 627 1033 magis
655 982 816 1019 studium
846 980 1050 1032 vitulosque
1078 981 1187 1027 tueri,

229 1053 316 1088 Aut
345 1051 442 1088 fetus
471 1050 605 1093 ovium,
634 1058 696 1085 aut
725 1047 860 1085 urentis
888 1047 988 1086 culta
1015 1048 1199 1099 capellas;

231 1118 366 1161 Saltus,
394 1127 432 1155 et
461 1117 571 1154 saturi
601 1115 717 1166 petito
744 1114 945 1166 longinqua
973 1115 1141 1160 Tarenti,

229 1185 282 1222 Et
313 1184 454 1234 qualem
482 1181 605 1220 infelix
633 1181 751 1219 amisit
780 1181 938 1219 Mantua
965 1195 1148 1232 campum,

230 1252 442 1289 Pascentem
472 1250 593 1286 niveos
622 1249 778 1286 herboso
809 1248 954 1286 flumine
982 1261 1145 1299 cycnos:

230 1319 314 1355 Non
335 1317 461 1367 liquidi
481 1316 655 1368 gregibus
675 1315 807 1360 fontes,
828 1329 897 1352 non
918 1315 1080 1366 gramina
1094 1315 1272 1361 deerunt;

230 1385 297 1428 Et,
318 1392 491 1434 quantum
512 1383 629 1434 longis
648 1392 798 1434 carpent
816 1393 978 1420 armenta
997 1381 1139 1427 diebus,

230 1453 380 1503 Exigua
403 1460 543 1488 tantum
565 1449 707 1501 gelidus
727 1463 785 1486 ros
805 1458 913 1487 nocte
933 1458 1099 1500 reponet.

229 1519 345 1569 Nigra
366 1517 439 1554 fere
459 1527 495 1554 et
515 1531 638 1567 presso
657 1516 803 1568 pinguis
823 1516 889 1553 sub
910 1530 1052 1553 vomere
1072 1526 1182 1561 terra,

230 1586 281 1623 Et
302 1584 360 1621 cui
381 1593 487 1634 putre
506 1583 635 1627 solum,
655 1583 830 1635 (namque
843 1582 913 1620 hoc
928 1582 1110 1620 imitamur
1128 1582 1287 1638 arando)

228 1652 380 1702 Optima
395 1650 606 1688 frumentis:
637 1663 706 1685 non
727 1648 801 1686 ullo
821 1662 866 1686 ex
885 1663 1040 1700 aequore
1058 1664 1182 1688 cernes

227 1719 337 1756 Plura
355 1719 504 1755 domum
524 1707 635 1754 tardis
655 1715 830 1753 decedere
854 1715 1013 1766 plaustra
1028 1717 1213 1768 juvencis:

227 1785 326 1828 Aut,
346 1784 441 1821 unde
459 1783 571 1820 iratus
591 1782 713 1820 silvam
733 1782 878 1820 devexit
897 1792 1033 1828 arator,

226 1852 279 1890 Et
299 1864 443 1888 nemora
460 1850 590 1888 evertit
609 1849 745 1887 multos
762 1849 892 1901 ignava
921 1864 985 1900 per
1003 1863 1126 1896 annos,

225 1917 484 1967 Antiquasque
504 1917 632 1954 domos
651 1917 769 1954 avium
787 1930 871 1954 cum
890 1916 1064 1966 stirpibus
1085 1916 1164 1954 imis

227 1985 335 2022 Eruit
354 1999 364 2022 ε
393 1983 473 2021 illae
491 1983 605 2021 altum
623 1983 714 2020 nidis
733 1983 869 2034 petiere
889 1983 1022 2021 relictis
1040 1999 1052 2029 ς

226 2051 284 2088 At
304 2050 402 2088 rudis
421 2049 550 2088 enituit
571 2049 726 2101 impulso
745 2063 887 2088 vomere
906 2063 1069 2100 campus-

225 2118 320 2155 Nam
335 2120 456 2170 jejuna
475 2118 621 2169 quidem
639 2116 764 2155 clivosi
782 2116 905 2169 glarea
923 2117 1016 2155 ruris

224 2185 298 2222 Vix
319 2185 460 2223 humilis
480 2185 608 2237 apibus
627 2185 739 2225 casias
759 2198 947 2235 roremque
967 2184 1144 2224 ministrat
1159 2190 1176 2228 ‚·.'
