1493 2605
152 305 186 328 v.
207 293 272 328 49.
437 287 787 328 GEORGICON
844 290 926 328 111.
1151 293 1202 334 79

205 403 278 440 Seu
299 399 394 450 quis,
415 400 656 450 Olympiacae
676 400 824 438 miratus
844 400 1001 450 praemia
1019 401 1173 451 palmae,

151 467 274 506 Pascit
293 479 433 516 equos;
462 479 524 503 seu
544 466 625 516 quis
644 465 750 503 fortis
770 467 815 503 ad
836 476 952 504 aratra
966 470 1140 519 juvencos
1156 484 1169 514 3

150 535 317 585 Corpora
335 533 531 583 praecipue
550 541 707 570 matrum
727 532 840 584 legat.
873 534 1027 584 Optima
1045 545 1172 574 torvae

150 601 284 638 Forma
301 600 417 645 bovis,
438 600 497 638 cui
517 610 625 650 turpe
644 611 770 650 caput,
790 601 850 638 cui
869 600 1023 651 plurima
1043 604 1178 648 cerviX,

149 668 204 705 Et
223 681 369 705 crurum
387 676 492 704 tenus
511 681 531 703 a
550 676 672 704 mento
692 666 845 716 palearia
864 669 1023 718 pendent
1040 685 1051 708 :

147 731 249 770 Tum
268 733 382 785 longo
402 732 519 770 nullus
539 733 642 771 lateri
662 733 792 770 modus
809 749 820 778 ;
850 735 969 772 omnia
997 749 1142 788 magna,

147 799 217 837 Pes
236 800 359 843 etiam,
379 809 416 837 et
436 800 589 837 camuris
608 799 725 837 hirtae
746 800 814 837 sub
835 802 1006 838 cornibus
1025 815 1141 842 aureS.

147 866 228 904 Nec
249 866 336 903 mihi
355 865 543 916 displiceat
564 866 712 903 maculis
741 867 889 918 insignis
907 876 943 904 et
963 868 1061 913 albo,

144 933 232 970 Aut
248 935 340 985 juga
357 933 563 970 detrectans
581 948 593 978 3
621 933 876 983 interdumque
896 948 1020 985 aspera
1039 949 1168 983 cornu,

146 1000 200 1038 Et
220 1000 349 1037 faciem
369 1009 474 1038 tauro
495 1001 670 1050 propior3
701 1013 866 1050 quaeque
885 1002 996 1039 ardua
1015 1012 1109 1049 tota,

145 1066 199 1103 Et
220 1067 387 1118 gradiens
406 1068 477 1104 ima
495 1067 602 1103 verrit
622 1067 774 1118 vestigia
794 1068 921 1106 cauda.

143 1132 265 1170 Aetas
286 1134 469 1171 Lucinam
482 1135 676 1183 justosque
694 1135 770 1183 pati
790 1134 1008 1184 hymenaeos

143 1199 293 1237 Desinit
312 1209 394 1237 ante
415 1201 554 1245 decem,
573 1210 658 1251 post
678 1210 838 1250 quatuor
859 1201 988 1251 incipit
1009 1215 1121 1241 annos
1139 1218 1148 1241 :

143 1266 276 1304 Cetera
295 1280 360 1304 nec
380 1266 521 1304 feturae
541 1266 683 1311 habilis,
704 1281 770 1304 nec
792 1266 899 1304 fortis
918 1268 1056 1305 aratris.

144 1333 303 1378 Interea,
325 1342 472 1384 superat
493 1333 669 1385 gregibus
689 1333 775 1370 dum
796 1333 889 1371 laeta
902 1336 1084 1386 juventas,

140 1399 251 1438 Solve
270 1413 384 1438 mares
401 1415 411 1446 ;
441 1401 547 1438 mitte
566 1400 601 1437 in
623 1401 802 1437 Venerem
823 1401 990 1450 pecuaria
1013 1401 1166 1451 primus,

141 1465 277 1516 Atque
297 1466 401 1503 aliam
420 1480 464 1503 ex
485 1467 554 1503 alia
572 1468 779 1517 generando
799 1466 924 1503 suffice
943 1467 1094 1516 prolem.

142 1533 297 1582 Optima
317 1546 482 1582 quaeque
502 1533 577 1570 dies
596 1533 733 1570 miseris
753 1533 967 1571 mortalibus
986 1535 1062 1571 aevi

141 1598 263 1637 Prima
282 1598 380 1650 fugit
399 1614 409 1636 ε
441 1599 598 1637 subeunt
617 1600 751 1643 morbi,
771 1600 958 1650 tristisque
977 1610 1141 1639 senectus
1157 1617 1171 1648 ;

140 1665 196 1702 Et
215 1665 330 1710 labor,
350 1675 389 1703 et
408 1666 516 1703 durae
536 1666 632 1715 rapit
651 1666 881 1704 inclementia
900 1669 1041 1705 mortis.

142 1732 295 1783 Semper
312 1742 433 1777 erunt,
453 1746 607 1783 quarum
627 1733 756 1770 mutari
777 1748 932 1784 corpora
951 1734 1051 1772 malis
1068 1750 1079 1774 ι

142 1800 292 1849 Semper
309 1800 404 1836 enim
424 1799 530 1837 refice
548 1815 558 1844 ;
588 1812 644 1843 ac,
664 1813 707 1837 ne
727 1810 811 1850 post
831 1801 956 1838 amissa
975 1801 1148 1852 requiras,

139 1865 340 1910 Anteveni‚
360 1875 398 1903 et
419 1866 582 1903 subolem
602 1874 765 1903 armento
785 1866 912 1904 sortire
932 1868 1137 1918 quotannis.

192 1933 273 1970 Nec
293 1946 364 1969 non
384 1942 421 1970 et
441 1932 565 1983 pecori
584 1942 639 1969 est
658 1932 753 1970 idem
774 1933 930 1971 dilectus
948 1935 1094 1985 equino.

139 1998 203 2036 Tu
222 1999 345 2043 modo,
367 2013 459 2050 quos
477 1999 513 2035 in
534 2013 633 2049 spem
662 2008 800 2037 statues
819 2001 1032 2039 submittere
1052 2001 1184 2054 gentis,

139 2064 378 2115 Praecipuum
393 2068 467 2117 jam
486 2065 569 2102 inde
588 2078 608 2102 a
628 2066 759 2103 teneris
778 2066 947 2116 impende
967 2068 1140 2107 laborem.

138 2129 325 2168 Continuo
345 2134 488 2183 pecoris
505 2133 672 2184 generosi
691 2132 812 2182 pullus
831 2134 865 2170 in
886 2135 976 2172 arvis

138 2196 269 2235 Altius
287 2197 506 2250 ingreditur,
525 2209 564 2238 et
583 2198 706 2237 mollia
725 2213 829 2239 crura
846 2201 1003 2252 reponit.

189 2262 305 2302 ToM.
329 2266 362 2303 Ι.
612 2269 650 2307 K
681 2270 706 2305 4·
