1493 2605
178 325 211 347 v.
230 310 293 350 75.
473 307 772 346 AENEIDOS
830 307 912 344 111.
1150 308 1226 349 179

175 421 298 469 Quam
318 419 403 471 pius
418 418 654 463 Arcitenens,
683 432 762 456 oras
782 427 817 455 et
837 418 962 455 littora
980 417 1118 455 circum

176 487 384 529 Errantem,
406 486 537 536 Gyaro
557 486 652 523 celsa
673 485 912 536 Myconoque
932 485 1100 528 revinxit,

176 553 443 602 Immotamque
463 552 532 589 coli
552 552 664 595 dedit,
685 561 721 588 et
742 561 970 589 contemnere
991 559 1129 588 ventos.

175 619 266 656 Huc
286 618 405 655 feror:
437 619 524 655 haec
546 618 657 655 fessos
678 628 762 656 tuto
783 618 1021 668 placidissima
1040 625 1153 667 portu

173 685 342 733 Accipit.
402 684 551 734 Egressi
570 697 776 721 veneramur
794 683 983 733 Apollinis
1004 684 1142 721 urbem.

175 750 258 788 Rex
274 751 408 794 Anius,
430 764 489 787 rex
506 750 599 787 idem
614 751 800 786 hominum
816 750 1027 800 Phoebique
1044 749 1223 795 sacerdos,

173 816 289 853 Vittis
308 825 345 853 et
365 830 462 853 sacra
482 816 670 853 redimitus
690 826 855 866 tempora
875 815 989 860 lauro,

174 882 374 921 Occurrit:
404 892 559 919 veterem
583 883 767 920 Anchisen
791 883 955 933 agnoscit
975 882 1142 920 amicum.

171 949 365 1000 Jungimus
383 949 542 998 hospitio
562 949 720 992 dextras,
740 958 776 986 et
797 958 895 986 tecta
916 949 1089 986 subimus.

172 1015 329 1064 Templa
351 1015 406 1051 dei
427 1029 512 1051 saxo
534 1016 724 1052 venerabar
744 1024 882 1052 structa
911 1024 1054 1052 vetusto
1073 1029 1084 1052 ε

173 1081 236 1118 Da
249 1081 442 1130 propriam,
468 1081 706 1131 Phymbraee,
719 1082 866 1118 domum
876 1111 885 1121 .
900 1081 945 1117 da
958 1081 1095 1117 moenia
1110 1079 1224 1124 fessis,

173 1148 227 1185 Et
243 1161 371 1199 genus,
386 1158 422 1184 et
439 1161 637 1184 mansuram
653 1148 789 1185 urbem.
828 1149 937 1184 Serva
958 1146 1069 1184 altera
1090 1148 1226 1197 'l'rojae

173 1214 363 1265 Pergama,
393 1213 558 1264 reliquias
578 1215 879 1264 Danaum‘atque
899 1213 1046 1250 immitis
1069 1212 1225 1252 Achilli.

173 1282 295 1330 Quem
311 1280 519 1330 sequimur?
538 1295 655 1330 quove
674 1281 837 1332 irejnbes
853 1281 865 1317 ?
886 1280 940 1316 »bi
959 1294 1091 1329 ponere
1104 1280 1226 1317 sedes?

172 1346 249 1389 Da,
269 1356 384 1396 pater,
405 1348 596 1397 augurium
617 1363 626 1390 ς
647 1357 757 1396 atque
777 1346 903 1383 animis
924 1346 1069 1383 illabere
1084 1348 1226 1384 nostris.

226 1414 299 1450 Vix
320 1427 360 1450 ea
394 1413 491 1450 fatus
510 1427 628 1450 eram:
659 1424 812 1449 tremere
832 1413 951 1449 omnia
972 1413 1042 1449 visa
1064 1422 1225 1463 repente,

175 1480 405 1530 Liminaque,
426 1480 621 1529 laurusque
642 1479 698 1516 dei
718 1495 728 1523 ;
757 1488 933 1529 totusque
954 1480 1090 1516 moveri

174 1546 286 1583 Βίους
306 1546 455 1589 circum,
474 1555 511 1582 et
532 1546 672 1596 mugire
692 1545 812 1594 adytis
832 1545 973 1582 cortina
993 1546 1152 1584 reclusis.

176 1612 350 1649 Submissi
371 1612 526 1661 petimus
545 1621 691 1656 terram,
710 1622 747 1648 et
767 1625 836 1648 vox
853 1612 968 1649 fertur
1001 1613 1046 1649 ad
1075 1612 1169 1650 auris
1186 1627 1197 1651 ι

174 1678 407 1717 Dardanidae
427 1678 520 1722 duri,
541 1691 632 1727 quae
654 1691 715 1714 vos
736 1691 755 1713 a
776 1678 887 1727 stirpe
908 1687 1100 1728 parentum

175 1746 294 1784 Prima
312 1745 396 1782 tulit
417 1745 537 1787 tellus,
557 1745 681 1781 eadem
701 1758 763 1781 vos
785 1746 894 1782 ubere
913 1745 1009 1782 laeto

173 1811 354 1861 Accipiet
374 1811 522 1849 reduces
539 1827 548 1848 ι
579 1812 764 1861 antiquam
782 1811 964 1861 exquirite
985 1821 1149 1850 matrem.

174 1878 253 1916 Hic
274 1878 401 1915 domus
422 1879 571 1915 Aeneae
590 1878 732 1915 cunctis
752 1878 997 1916 dominabitur
1015 1879 1103 1924 oriS,

175 1946 229 1982 Et
250 1945 322 1981 nati
343 1955 522 1989 natorum,
539 1954 576 1981 et
597 1946 659 1995 qui
680 1954 873 1982 nascentur
892 1945 937 1982 ab
958 1944 1038 1982 illis.

174 2011 282 2048 Haec
304 2012 474 2049 Phoebus
492 2027 501 2049 :
533 2012 720 2062 mixtoque
739 2012 868 2063 ingens
883 2022 1012 2049 exorta
1032 2012 1196 2050 tumultu

176 2077 335 2114 Laetitia
353 2093 362 2115 ε
383 2087 421 2114 et
435 2079 572 2122 cuncti,
593 2092 684 2128 quae
701 2079 770 2116 sint
787 2092 827 2115 ea
842 2079 994 2121 moenia,
1015 2088 1220 2128 quaerunt;

176 2144 269 2193 Quo
290 2144 459 2182 Phoebus
480 2155 585 2183 vocet
604 2146 767 2188 errantis,
782 2146 982 2196 jubeatque
1002 2146 1144 2183 reverti.

208 2210 309 2250 Tum
323 2212 480 2262 genitor,
487 2223 649 2252 veterum
661 2212 804 2250 volvens
814 2224 1045 2252 monumenta
1057 2215 1230 2266 virorum,
