1493 2605
209 306 286 344 224·
511 304 812 343 AENEIDOS
871 301 942 343 IV.
1118 319 1152 344 vs
1168 307 1259 347 607.

209 417 288 460 Sol,
309 416 371 467 qui
391 425 569 453 terrarum
599 416 749 454 flammis
767 429 878 466 opera
898 416 1016 453 omnia
1035 415 1180 461 lustras,

206 483 358 533 Tuque,
379 483 504 520 harum
526 483 702 533 interpres
715 496 882 519 curarum
897 492 935 519 et
950 483 1109 527 conscia,
1122 484 1233 528 June,v

206 550 481 600 Nocturnisque
503 549 649 587 Hecate
669 549 782 586 triviis
802 548 937 586 ululata
957 563 1021 599 per
1040 551 1152 595 urbis,

206 617 258 655 Et
282 617 396 655 Dirae
418 616 577 660 ultrices,
596 625 632 653 et
654 617 691 652 di
714 616 900 653 morientis
922 616 1079 662 Elissae,

203 684 383 733 Accipite
405 683 507 728 haec,
527 683 770 733 meritumque
791 683 893 720 malis
911 684 1091 722 advertite
1110 699 1255 730 numen,

205 747 259 786 Et
280 759 420 787 nostras
440 749 562 787 audite
583 763 718 800 preces.
753 750 793 788 Si
813 759 963 802 tangere
983 760 1113 801 portus

204 816 400 853 Infandum
421 826 547 866 caput,
577 831 617 854 ac
638 817 742 854 terris
763 818 906 861 adnare,
927 832 1071 855 necesse
1090 827 1145 855 est
1164 833 1175 864 ;

203 885 256 922 Et
278 885 328 922 sic
349 884 424 922 fata
442 885 543 922 Jovis
564 894 722 934 poscunt
740 901 750 929 ;
781 885 839 922 hic
856 885 1029 922 tei-minus
1049 886 1172 924 haeret
1189 900 1201 924 ε

200 952 277 995 At,
293 951 390 990 bello
410 951 554 988 audacis
575 952 702 1001 populi
725 961 876 989 vexatus
895 961 932 989 et
953 952 1073 996 armis,-

203 1019 355 1058 Finibus
375 1019 543 1063 extorris,
563 1018 761 1068 complexu
790 1018 932 1056 avolsus
956 1018 1041 1062 Iuli,

199 1086 398 1126 Auxilium
418 1085 602 1135 imploret,
631 1085 824 1135 videatque
853 1085 1002 1136 indigna
1023 1099 1171 1124 suorum

198 1152 345 1191 Funera
363 1167 372 1190 :
404 1166 483 1196 nec,
512 1166 625 1201 quum
654 1166 689 1189 se
710 1146 776 1189 sub
797 1152 896 1203 leges
915 1152 1013 1202 pacis
1032 1152 1175 1203 iniquae

198 1218 426 1262 Tradiderit,
456 1232 570 1269 regno
590 1227 652 1255 aut
673 1227 803 1268 optata
822 1218 902 1255 luce
923 1217 1093 1264 fruatur3

200 1288 275 1324 Sed
295 1287 401 1324 cadat
423 1295 504 1323 ante
524 1285 632 1330 diem,
653 1285 843 1335 mediaque
863 1285 1073 1323 inhumatus
1094 1299 1212 1324 arena.

199 1353 308 1392 Haec
329 1367 486 1404 precor:
517 1352 609 1390 hanc
631 1365 755 1389 vocem
780 1361 979 1389 extremam
999 1365 1083 1390 cum
1103 1352 1248 1404 sangui-

358 1435 404 1458 ne
424 1419 553 1458 fundo.

195 1491 297 1528 Tum
313 1502 388 1533 vos,
403 1502 426 1525 o
441 1487 569 1537 Tyrii!
594 1486 755 1536 stirpem,
771 1495 808 1523 et
824 1501 939 1538 genus
952 1500 1056 1524 omne
1069 1486 1249 1534 futurum,

195 1558 381 1596 Exercete
400 1555 491 1592 odiis
508 1570 518 1599 ;
547 1553 731 1604 cinerique
750 1553 839 1591 haec
860 1554 996 1591 mittite
1016 1565 1141 1591 nostro

195 1624 366 1662 Rhium-a.
399 1621 532 1660 Nullus
552 1634 654 1657 amor
673 1619 834 1671 populis,
855 1635 920 1658 nec
940 1620 1088 1658 foedera
1106 1630 1226 1659 sunto.

197 1690 374 1728 Exoriare
392 1687 520 1738 aliquis
541 1687 675 1724 nostris
693 1701 739 1724 ex
760 1687 902 1724 ossibus
922 1687 1034 1732 ultor,

194 1757 270 1807 Qui
290 1756 370 1793 face
391 1755 613 1799 Dardanios,
633 1753 816 1804 ferroque,
837 1767 986 1804 sequare
1005 1753 1169 1800 colonos',

193 1826 317 1867 Nunc,
337 1822 437 1867 olim,
456 1835 688 1872 quocumque
709 1821 848 1858 dabunt
869 1835 904 1857 se
923 1829 1089 1870 ternpore
1108 1820 1211 1858 vires.

192 1891 344 1929 Littora
362 1889 548 1926 littoribus
568 1887 762 1932 contraria,
792 1887 966 1924 fluctibus
985 1888 1111 1933 undas,

191 1959 394 2007 Impwcor,
407 1968 503 1992 arma
515 1955 640 1993 armis:
656 1963 824 2006 pugnent
837 1954 991 2004 ipsique,
1005 1963 1240 2004 nepotesque.

244 2024 353 2061 Haec
373 2022 435 2066 uit,
455 2033 493 2058 et
514 2021 628 2071 partis
647 2021 806 2058 animum
826 2021 988 2057 versabat
1008 2020 1043 2056 in
1061 2020 1190 2064 omnis,

191 2091 346 2128 Invisam
367 2102 542 2139 quaerens
563 2102 672 2138 quam
693 2088 849 2138 primum
868 2088 1085 2136 abrumpere
1109 2085 1239 2125 lucem.

187 2158 289 2194 Tum
308 2157 465 2194 breviter
486 2156 627 2193 Barcen
648 2155 828 2192 nutricem
845 2153 954 2191 affata
976 2153 1132 2204 Sychaei
1149 2169 1160 2199 ς

188 2224 357 2273 Namque
377 2236 474 2261 suam
495 2222 611 2273 patria
631 2222 780 2273 antiqua
800 2220 889 2259 cinis
910 2230 987 2258 ater
1005 2219 1163 2259 habebat
1183 2235 1198 2258 τ
