1493 2605
221 287 254 312 v.
277 275 341 312 20.
529 270 648 310 GEO
657 269 876 310 RGICON
932 271 966 308 Ι.
1228 277 1282 314 39

225 383 293 427 Et,
312 392 470 421 teneram
488 381 533 418 ab
553 381 670 418 radice
688 380 818 425 ferens,
841 380 997 425 Silvane,
1015 381 1225 432 cupressum
1243 398 1254 421 τ

220 450 349 499 Dique
368 449 526 498 deaeque
544 462 680 492 omnes,
709 449 870 486 studium
890 447 1021 498 quibus
1040 461 1123 485 arva
1142 450 1260 496 tueri3

223 515 371 565 Quique
392 528 498 551 novas
517 514 611 552 alitis
631 529 700 552 non
720 514 794 552 ullo
813 515 944 552 semine
963 512 1101 565 fruges,

220 581 368 631 Quique
389 581 474 617 satis
492 580 634 631 largum
654 580 760 619 coelo
779 580 972 618 demittitis
997 580 1159 617 imbrem.

220 647 358 697 Tuque
376 647 479 691 adeo,
498 661 606 698 quem
625 661 708 684 mox
730 661 822 697 quae
843 647 913 684 sint
932 646 1100 684 habitura
1129 647 1278 685 deorum

224 714 402 760 Concilia,
422 714 600 752 incertum
618 724 672 751 est
691 729 702 758 ;
733 714 877 752 urbisne
896 714 1058 757 invisere,
1080 714 1226 761 Caesar,

220 779 489 830 Terrarumque
509 780 593 817 velis
613 794 748 825 curam,
768 789 805 817 et
825 780 1001 816 maximus
1020 780 1119 816 orbis

217 846 423 885 Auctorem
443 846 590 899 frugum
610 856 943 897 tempestatumque
961 856 1153 897 potentem

218 913 409 963 Accipiat,
428 915 575 965 cingens
594 924 753 952 materna
771 925 937 964 tempora
956 923 1078 964 myrto
1093 930 1105 959 ;

217 980 284 1018 An
303 980 390 1017 deus
409 981 570 1017 immensi
591 981 708 1018 venias
727 981 843 1024 maris,
863 994 904 1017 ac
924 990 988 1018 tua
1004 990 1135 1019 nautae

218 1045 379 1084 Numina
397 1046 471 1084 sola
489 1046 624 1092 colant,
652 1047 720 1084 tibi
740 1047 868 1083 serviat
888 1046 1012 1084 ultima
1032 1047 1170 1093 Thule,

218 1113 349 1163 Teque
371 1113 438 1150 sibi
456 1127 631 1164 generum
652 1112 798 1162 Tethys
816 1121 911 1149 emat
930 1113 1097 1151 omnibus
1117 1113 1220 1152 undis
1237 1126 1252 1152 :-

216 1180 332 1219 Anne
352 1194 485 1218 novum
503 1180 615 1217 tardis
634 1180 731 1217 sidus
749 1189 785 1216 te
802 1180 982 1217 mensibus
995 1181 1118 1227 addas,

218 1247 305 1296 Qua
322 1245 424 1283 locus
446 1246 632 1296 Erigonen
652 1245 746 1282 inter
765 1244 969 1295 Chelasque
988 1246 1171 1296 sequentis

218 1312 419 1350 Panditur:
450 1312 524 1362 ipse
543 1310 609 1348 tibi
631 1313 706 1362 jam
724 1310 872 1348 brachia
892 1311 1076 1349 contrahit
1094 1313 1222 1350 ardens

220 1379 405 1430 Scorpios,
423 1387 460 1415 et
480 1377 570 1415 coeli
586 1380 684 1428 justa
703 1376 786 1427 plus
805 1385 909 1426 parte
929 1377 1102 1428 reliquit=

218 1445 411 1495 Quidquid
428 1445 497 1482 eris
514 1461 524 1488 3
554 1457 634 1481 nam
653 1453 692 1481 te
710 1457 775 1480 nec
796 1451 940 1493 sperent
963 1444 1120 1481 Tartara
1141 1458 1282 1496 regem,

218 1511 299 1549 Nec
319 1511 387 1550 tibi
406 1510 580 1562 regnandi
600 1510 716 1547 veniat
735 1520 808 1547 tam
829 1509 906 1546 dira
925 1509 1074 1560 cupido,

219 1577 393 1627 Quamvis
414 1577 562 1627 Elysios
582 1576 734 1613 miretur
755 1576 912 1615 Graecia
931 1590 1091 1626 campos,

220 1644 299 1683 Nee
319 1644 474 1693 repetita
494 1642 593 1693 sequi
614 1651 721 1680 curet
740 1642 957 1692 Proserpina
976 1655 1153 1690 matrem;

218 1710 282 1748 Da
301 1709 442 1746 facilem
460 1723 619 1754 cursum,
638 1717 747 1759 atquc
767 1709 962 1746 audacibus
977 1709 1094 1747 adnue
1109 1710 1275 1760 coeptis3

219 1778 443 1827 Ignarosque
463 1776 551 1821 viae,
570 1789 709 1815 mecum
729 1775 914 1812 miseratus
932 1777 1099 1826 agresti8‚

219 1843 428 1893 Ingredere,
447 1851 484 1879 et
504 1843 597 1879 votis
610 1845 685 1894 jam
705 1856 799 1879 nunc
818 1843 988 1879 adsuesce
1007 1843 1140 1880 vocari.

270 1911 367 1948 Vere
386 1924 492 1954 novo,
513 1909 654 1961 gelidus
673 1909 770 1946 canis
789 1923 902 1959 quum
923 1910 1106 1947 montibus
1125 1911 1255 1949 humor

219 1977 409 2027 Liqustur,
436 1986 473 2014 et
494 1976 672 2027 Zephyro
693 1976 808 2026 putris
829 1991 865 2014 se
885 1977 992 2027 gleba
1011 1977 1169 2024 resolvit,

219 2043 404 2092 Depresso
424 2043 573 2093 incipiat
587 2045 662 2094 jam
681 2052 759 2080 tum
779 2043 867 2080 mihi
886 2053 1011 2082 taurus
1030 2054 1150 2083 aratro

220 2109 418 2160 Ingemere,
438 2118 476 2147 et
495 2109 595 2147 sulco
615 2109 762 2147 attritus
782 2110 1030 2160 splendescere
1050 2126 1187 2150 vomer.-

222 2173 289 2211 Illa
309 2189 411 2226 seges
429 2176 573 2214 demum
594 2177 686 2215 votis
705 2177 900 2227 respondet
913 2177 1006 2216 avari
