1493 2605
240 312 313 349 188
510 310 825 350 *AENEIDOS
883 311 962 349 111.
1137 327 1168 349 v.
1188 314 1275 353 5327.

237 421 392 459 Servitio
411 422 546 465 enixae,
567 422 715 459 tulimus
733 438 741 459 z
773 422 834 472 qui
855 422 995 466 deinde,
1016 431 1160 459 secutus
1201 426 1278 472 [‹›s,

234 487 417 526 Ledaeam
433 488 669 531 Hermionen,
681 489 1058 539 Lacedaemoniosque
1068 489 1278 538 Hymenae-

233 553 300 591 Mc
326 554 462 590 famulo
492 554 732 604 famulamque
756 554 900 592 Heleno
929 556 1121 592 transmisit
1144 556 1277 591 liaben-

230 620 308 656 Ast
325 619 439 663 illum,
454 631 597 670 ereptae
614 634 744 671 magno
759 621 998 658 inflammatus
1011 635 1129 658 amore
1157 621 1272 670 [dam.

229 686 422 736 Cossijugis,
451 697 487 724 et
508 687 682 724 scelerum
705 687 820 724 Furiis
841 687 1012 738 agitatus,
1042 687 1192 724 Orestes

230 751 386 800 Excipit
404 751 602 795 incautum,
631 754 833 803 patriasque
853 754 1047 790 obtruncat
1067 754 1112 789 ad
1131 766 1218 789 aras.

232 817 358 854 Morte
379 817 613 868 Neoptolemi
634 833 824 870 regnorum
846 819 986 856 reddita
1005 819 1111 855 cessit

229 883 318 921 Pars
339 883 486 921 Heleno
505 899 514 922 ε
550 885 612 934 qui
629 886 814 922 Chaonios
833 885 1049 936 cognomine
1068 898 1228 935 campos,

229 949 502 1000 Chaoniamque
520 964 674 994 omnem,
699 951 860 1002 Trojano
881 965 900 987 a
920 951 1069 989 Chaone
1087 951 1179 988 dixit
1199 968 1208 995 ;

228 1016 493 1067 Pergamaque,
524 1016 743 1066 Iliacamque
757 1017 856 1068 jugis
876 1017 967 1053 hane
987 1017 1124 1054 addidit
1141 1031 1270 1054 arcem.

230 1083 304 1120 Sed
323 1083 390 1120 tibi
409 1082 471 1132 qui
491 1096 634 1119 cursum
654 1084 765 1127 venti,
794 1097 884 1133 quac
905 1083 979 1120 fata
995 1083 1124 1120 dedere
1140 1084 1152 1120 ?

226 1148 313 1186 Aut
331 1149 493 1199 quisnam
513 1149 677 1200 ignarum
699 1151 829 1186 nostris
849 1151 936 1186 deus
956 1148 1095 1200 appulit
1115 1146 1214 1186 oris?

226 1215 330 1265 Quid
349 1229 440 1265 puer
459 1216 671 1253 Ascanius?
710 1226 900 1265 superatne
930 1224 966 1252 et
986 1214 1142 1252 vescitur
1159 1216 1271 1253 aura?

224 1282 346 1330 Quem
367 1280 435 1317 tibi
448 1281 522 1330 jam
543 1281 658 1332 Troja
676 1284 699 1306 ἦ*
715 1283 738 1306 *
755 1283 776 1306 *
793 1283 815 1305 θ’*

224 1346 357 1396 Ecqua
377 1355 495 1383 tamen
515 1360 628 1396 puero
649 1355 703 1384 est
724 1347 872 1384 amissae
891 1361 977 1384 cura
997 1348 1180 1398 parentis?

225 1412 375 1462 Ecquid
394 1412 426 1448 in
448 1412 632 1461 antiquam
652 1413 837 1454 virtutem,
867 1413 1075 1463 animosque
1094 1414 1216 1458 virilis,

223 1479 275 1518 Et
296 1488 400 1528 pater
420 1479 580 1522 Aeneas,
600 1487 636 1515 et
655 1478 849 1515 avunculus
867 1480 1004 1516 excitat
1027 1480 1202 1519 Hector?

274 1544 382 1582 Talia
403 1544 578 1581 fundebat
598 1544 798 1589 lacrimans,
818 1544 1019 1596 longosque
1039 1546 1158 1584 ciebat

222 1613 409 1649 Incassum
429 1611 534 1648 fletus
552 1627 562 1656 ;
591 1625 701 1660 quum
722 1625 796 1648 sese
815 1625 835 1647 a
853 1612 1038 1649 moenibus
1057 1612 1162 1649 heros

221 1677 418 1715 Priamides
436 1676 558 1713 multis
580 1677 746 1715 Helenus
766 1677 1024 1715 comitantibus
1043 1677 1174 1722 adfert,

219 1743 482 1795 Agnoscitque
503 1757 599 1787 suos,
619 1743 806 1794 laetusque
826 1745 871 1780 ad
890 1743 1010 1780 limina
1029 1744 1146 1788 ducit,

220 1810 275 1848 Et
294 1809 446 1849 multum
468 1808 629 1846 lacrimas
649 1811 755 1847 verba
774 1810 867 1847 inter
886 1809 1026 1861 singula
1044 1809 1178 1848 fundit.

219 1876 400 1919 Procedo,
429 1884 466 1913 et
485 1888 628 1925 parvam
649 1876 813 1927 Trojam,
833 1875 1069 1927 simulataque
1088 1878 1228 1928 magnis

218 1943 409 1993 Pergama,
429 1950 466 1978 et
485 1950 643 1978 arentem
663 1942 803 1980 Xanthi
823 1943 1038 1993 cognomine
1057 1943 1184 1987 rivum,

218 2011 400 2061 Agnosco
418 2023 429 2053 ;
452 2008 655 2058 Scaeaeque
674 2008 875 2058 amplector
892 2008 1011 2045 limina
1030 2019 1169 2059 portae.

220 2077 299 2114 Nec
319 2089 390 2113 non
410 2083 446 2112 et
466 2074 604 2112 Teucri
624 2075 721 2112 socia
742 2075 846 2111 simul
866 2076 953 2112 urbe
973 2075 1156 2121 fruuntur,

219 2141 308 2179 Illos
327 2140 528 2190 porticibus
547 2154 609 2178 rex
629 2140 830 2190 accipiebat
850 2141 883 2176 in
904 2140 1054 2190 amplis:

218 2206 338 2251 Aulai
355 2207 389 2244 in
410 2206 527 2243 medio
546 2206 707 2244 libabant
727 2206 858 2256 pocula
879 2206 1030 2251 Bacchi,
