1493 2605
259 297 336 334 122
512 331 522 336 ,
587 295 888 333 AENEIDOS
946 298 980 333 I.
1196 305 1312 342 v.69.

260 407 392 445 Incute
413 406 481 443 vim
503 406 631 448 ventis,
661 405 933 455 submersasque
953 407 1067 444 obrue
1086 422 1230 461 puppes
1247 426 1260 458 3

257 474 344 513 Aut
366 488 432 524 age
453 473 622 514 diversos,
651 481 687 508 et
708 471 829 522 disjice
848 486 1001 522 corpora
1023 484 1149 524 ponto.

260 542 353 580 Sunt
376 540 460 576 mihi
476 539 530 575 bis
547 549 684 589 septem
705 539 900 588 praestanti
916 553 1069 590 corpore
1090 544 1285 596 nymphae,

256 609 436 658 Quarum,
456 619 548 656 quae
569 604 683 642 forma
706 606 959 655 pulcherrima,
987 607 1192 659 De‘i'opeam

254 673 450 713 Connubio
466 675 618 724 jungam
638 672 771 716 stabili,
802 674 1058 724 propriamque
1073 675 1200 714 dicabo
1218 693 1230 722 ;

252 740 383 779 Omnis
405 748 444 777 ut
465 748 602 782 tecum,
633 739 768 777 meritis
789 755 856 790 pro
885 740 1034 786 talibus,
1063 756 1174 781 annos

253 809 409 860 Exigat,
438 817 475 845 et
496 806 647 857 pulchra
667 805 774 844 faciat
796 816 832 844 te
852 806 953 857 prole
974 818 1173 858 parentem,

306 875 450 913 Aeolus
462 874 551 912 haec
567 883 694 911 contra
711 889 720 912 :
744 873 866 918 Tuus,
886 888 908 911 o
922 875 1043 926 regina
1063 878 1070 912 !
1096 875 1184 925 quid
1203 885 1308 927 optes

252 943 455 993 Explorare
476 942 603 987 labor-3
633 941 719 977 mihi
734 943 834 992 jussa
853 955 1038 991 capessere
1056 942 1110 980 fas
1129 953 1198 981 est.

250 1010 314 1049 Tu
330 1010 428 1054 mihi,
449 1009 707 1059 quodcumque
723 1007 794 1044 hoc
814 1008 929 1059 regni,
950 1018 992 1046 tu
1008 1018 1150 1060 sceptra
1163 1011 1308 1048 Jovem.

249 1076 432 1116 Concilias
450 1091 459 1114 :
482 1085 522 1112 tu
536 1075 599 1112 das
611 1073 726 1124 epulis
739 1075 952 1112 accumbere
965 1075 1099 1120 divom,
1212 1079 1308 1128 [que

251 1143 547 1192 Nimborumque
569 1141 657 1179 facis
678 1151 1011 1192 tempestatumque
1040 1150 1240 1192 potentem.

290 1209 398 1247 Haec
421 1209 481 1246 ubi
494 1209 606 1251 dicta,
626 1222 770 1254 cavum,
783 1222 955 1247 conversa
967 1209 1130 1259 cuspide,
1144 1218 1304 1248 montem

246 1276 401 1326 Impulit
422 1276 455 1312 in
476 1275 598 1321 latus;
626 1289 666 1312 ac
688 1275 797 1319 venti,
827 1275 926 1312 velut
945 1275 1086 1327 agmine
1107 1274 1222 1320 facto,

243 1344 331 1394 Qua
351 1344 434 1380 data
457 1352 576 1392 porta,
604 1351 728 1385 ruunt,
757 1350 793 1378 et
814 1350 926 1378 terras
946 1342 1090 1378 turbine
1115 1342 1283 1392 perflant.

245 1410 452 1447 Incubuere
472 1409 572 1452 mari,
602 1417 797 1457 totumque
817 1420 836 1443 a
857 1406 1001 1444 sedibus
1023 1407 1102 1444 imis

245 1476 333 1514 Una
356 1476 549 1525 Eurusque
564 1475 762 1524 Notusque
777 1483 903 1517 ruunt,
923 1474 1120 1524 creberque
1133 1475 1305 1524 procellis

245 1543 416 1586 Africus,
445 1552 480 1579 et
503 1551 622 1578 vastos
642 1540 791 1578 volvunt
811 1541 854 1576 ad
876 1540 1001 1577 littora
1021 1541 1167 1579 fluctus.

247 1609 461 1658 Insequitur
481 1608 689 1658 clamorque
709 1607 837 1651 virum,
866 1606 1072 1656 stridorque
1092 1607 1298 1646 rudentum.

245 1675 420 1725 Eripiunt
443 1675 565 1713 subito
585 1676 698 1712 nubes
726 1673 956 1723 coelumque,
985 1673 1168 1723 diemque,

243 1742 475 1780 Teucrorum
496 1756 540 1779 ex
561 1741 675 1779 oculis
693 1757 704 1779 t
734 1750 851 1792 ponto
871 1755 943 1778 nox
963 1741 1117 1780 incubat
1136 1750 1226 1778 atra.

244 1810 441 1846 Intonuere
461 1809 550 1860 poli,
569 1819 606 1847 et
628 1809 762 1846 crebris
782 1808 890 1845 micat
912 1807 1059 1859 ignibus
1078 1808 1203 1846 aether
1220 1824 1231 1853 ;

243 1873 548 1926 praesentemque
565 1876 647 1913 viris
666 1875 847 1912 intentant
867 1874 986 1912 omnia
1006 1883 1172 1912 mortem.

240 1942 442 1992 Extemplo
463 1942 614 1979 Aeneae
634 1942 823 1979 solvuntur
842 1941 979 1992 frigore
999 1941 1160 1978 membra
1177 1956 1187 1979 :

240 2007 416 2058 Ingemit,
434 2017 485 2051 et,
505 2008 659 2058 duplicis
678 2009 831 2046 tendens
850 2008 897 2044 ad
917 2006 1033 2044 sidera
1052 2005 1202 2057 palmas,

236 2074 345 2112 Talia
364 2088 452 2111 voce
471 2074 580 2111 refert
599 2090 608 2112 ε
641 2075 677 2112 Ο
699 2084 825 2125 terque
841 2081 1040 2124 quaterque
1060 2072 1157 2110 beati
1175 2075 1183 2110 !

240 2142 336 2191 Quis
356 2150 438 2179 ante
458 2155 520 2178 ora
540 2154 683 2192 patrum
704 2142 839 2193 Trojae
858 2141 925 2178 sub
946 2140 1135 2177 moenibus
1159 2139 1245 2177 altis
1275 2143 1279 2147 '

240 2208 411 2259 Contigit
431 2218 607 2259 oppetere
629 2212 638 2246 !
671 2223 694 2247 o
714 2209 885 2247 Danaum
905 2207 1099 2246 fortissime
1114 2207 1248 2260 gentis,
