1493 2605
209 332 245 356 v.
267 319 358 357 299.
516 315 817 355 AENEIDOS
875 317 956 355 ΙΙΙ.
1181 318 1257 359 187

211 426 437 477 Compellare
456 426 582 468 virum,
611 434 648 463 et
668 439 771 463 casus
787 439 1007 477 cognoscere
1027 435 1162 466 tantos,

212 494 432 546 Progredior
450 503 573 543 portu,
593 492 713 530 classis
733 502 769 530 et
788 492 913 530 littora
931 492 1107 544 linquens.

210 560 397 600 sollemnis
416 569 495 597 tum
515 558 610 596 forte
628 559 750 609 dapeS,
778 569 815 596 et
834 559 951 597 tristia
970 561 1079 604 dona,

206 628 313 665 Ante
333 628 457 664 urbem
476 627 509 663 in
528 625 626 669 luco,
646 624 725 661 falsi
747 626 942 663 Simoentis
962 627 1007 664 ad
1027 627 1172 672 undam,

206 694 369 731 Libabat
388 692 498 730 cineri
518 692 792 736 Andromache,
814 692 1008 743 Manisque
1027 694 1181 731 vocabat

205 760 435 797 Hectoreum
452 759 496 796 ad
509 758 701 802 tumulum,
715 759 815 794 viridi
831 773 938 808 quem
950 759 1087 808 cespite
1098 760 1252 804 inanem,

205 825 259 863 Et
278 825 451 876 geminas,
468 838 630 862 caussam
649 824 817 868 lacrimis,
837 834 1035 862 sacraverat
1055 839 1144 862 aras.

203 891 262 930 Ut
282 905 337 928 me
356 891 545 942 conspexit
565 891 779 933 venientem,
807 900 845 928 et
864 891 981 928 Tro'i’a
1004 891 1143 928 circum

201 958 323 996 Arma
342 972 461 995 amens
481 959 570 995 vidit
586 973 597 1003 ;
617 958 754 1009 magnis
772 958 944 995 exterrita
963 958 1144 1002 monstris,

201 1024 378 1075 Deriguit
397 1025 472 1061 visu
491 1024 526 1060 in
547 1024 663 1060 medio
681 1039 691 1061 z
723 1023 822 1061 calor
840 1037 919 1061 ossa
938 1023 1081 1074 reliquit
1099 1039 1109 1061 t

202 1090 387 1136 Labitur3
415 1099 452 1127 et
471 1090 582 1141 longo
604 1090 661 1126 vix
681 1090 828 1127 tandem
859 1100 1023 1140 tempore
1043 1091 1165 1130 fatur:

199 1158 342 1195 Verane
362 1165 398 1194 te
417 1156 539 1200 facies,
567 1170 669 1193 verus
689 1156 777 1192 mihi
792 1156 937 1194 nuntius
956 1157 1088 1202 adfers,

199 1224 298 1262 Nate
317 1224 383 1261 dea
401 1225 414 1261 ?
442 1224 572 1260 vivisne
591 1224 603 1260 ?
631 1233 708 1266 aut,
739 1223 766 1259 si
787 1222 849 1259 lux
870 1223 963 1260 alma
982 1224 1142 1268 recessit,

199 1289 348 1328 Hector
362 1289 424 1326 ubi
434 1290 508 1326 est?
524 1289 653 1333 Dixit3
669 1288 903 1338 lacrimasque
913 1289 1100 1334 effudit,et
1107 1304 1249 1329 omnem

199 1356 370 1406 Implevit
391 1355 547 1393 clamore
566 1354 700 1392 locum.
730 1355 805 1391 Vix
826 1368 942 1404 pauca
960 1355 1095 1393 furenti

198 1422 374 1474 SubjiciO,
393 1430 431 1459 et
450 1421 536 1457 raris
555 1421 724 1458 turbatus
739 1420 886 1457 vocibus
904 1420 1031 1459 hisco:
1069 1438 1076 1442 ⁷

195 1489 290 1525 Vivo
309 1488 490 1537 equidem,
518 1487 698 1537 vitamque
717 1497 876 1524 extrema
894 1501 960 1537 per
978 1489 1097 1525 omnia
1116 1489 1225 1528 duco.

195 1556 254 1594 Ne
274 1555 423 1591 dubita:
456 1568 536 1590 nam
557 1567 638 1590 vera
656 1554 766 1590 vides.

196 1622 285 1659 Heu
301 1624 309 1658 ἔ
334 1620 414 1670 quis
432 1629 469 1657 te
486 1634 605 1664 casus,
626 1620 801 1671 dejectam
821 1622 977 1672 conjuge
996 1629 1115 1667 tanto,

194 1687 348 1737 Excipit
366 1688 378 1725 ?
397 1698 460 1724 aut
479 1700 571 1736 quae
591 1686 700 1737 digna
719 1686 804 1723 satis
826 1687 990 1724 Fortuna
1009 1689 1133 1727 revisit
1150 1691 1165 1727 ἓ

193 1754 371 1792 Hectoris
390 1752 665 1796 Andromache,
687 1752 858 1802 Pyrrhin’
878 1754 1059 1791 connubia
1078 1768 1194 1794 servas
1212 1757 1226 1794 ἓ

191 1820 340 1871 Dejecit
360 1819 510 1863 voltum,
530 1828 566 1856 et
586 1819 736 1856 demissa
755 1833 843 1856 voce
863 1819 988 1857 locuta
1008 1830 1063 1859 est
1080 1836 1090 1860 ε

193 1888 228 1925 Ο
250 1887 335 1924 felix
356 1900 426 1923 una
445 1895 527 1923 ante
547 1885 631 1922 alias
652 1886 828 1924 Priameia
847 1886 965 1937 virgo,

191 1953 379 1990 Hostilem
398 1953 443 1989 ad
463 1952 644 1990 tumulum
659 1952 792 2004 Trojae
813 1953 879 1990 sub
900 1953 1088 1991 moenibus
1107 1955 1189 1994 altis

189 2021 211 2058 J
215 2034 294 2057 ussa
312 2019 415 2064 mori,
436 2033 528 2070 quae
543 2020 693 2057 sortitus
712 2033 783 2056 non
803 2020 955 2070 pertulit
975 2020 1081 2069 ullos,

189 2087 270 2125 Nec
290 2086 435 2124 victoris
454 2086 530 2123 heri
550 2086 678 2137 tetigit
697 2086 843 2136 captiva
862 2086 1006 2125 cubile!

189 2153 281 2195 Nos,
301 2153 416 2202 patria
437 2153 593 2197 incensa,
612 2153 751 2190 diversa
772 2167 835 2203 per
854 2166 1011 2204 aequora
1031 2162 1171 2200 vectae,

190 2217 321 2271 Stirpis
340 2218 534 2258 Achilleae
553 2219 681 2264 fastus,
697 2223 939 2272 juvenemque
958 2221 1169 2269 superbum,

646 2287 773 2326 Aa2
