1529 2693
265 319 322 359 xiv
621 321 962 360 PRAEFATIO

323 434 511 471 Grandioi·
533 442 570 470 ut
595 433 690 471 fctus
711 434 848 483 siliquis
869 432 1058 470 fallacibus
1077 441 1183 477 essct,

324 500 377 538 Et
399 501 560 552 quamvis
581 501 654 551 igni
676 501 812 551 exiguo
834 510 1027 551 properata
1050 501 1246 537 maderent.

270 593 371 643 Quid
383 595 456 644 jain
473 594 517 630 de
535 592 709 630 Brunckii
726 592 930 629 temeritate
944 592 1160 629 censendum
1173 600 1240 635 est,
1257 589 1318 640 qui

269 660 365 697 hunc
387 659 507 697 locuni
527 660 752 696 emendando
773 659 953 708 corrupit,
973 667 1008 695 et
1032 672 1101 702 ΛΤ,
1131 659 1318 709 quanivi's-

267 740 335 775 pro
359 740 409 763 rr
431 726 727 777 quamvis-etium
744 726 776 762 in
799 734 1014 762 contextum
1044 725 1182 775 recepit
1201 725 1212 762 ?
1229 727 1250 749 *⁶

338 870 355 888 ⁶
381 870 576 910 Anonymus
592 868 722 910 quidam
737 867 766 898 in
787 879 819 898 re
833 868 972 898 literaria
987 868 1120 904 Censor,
1135 866 1212 898 duni
1230 877 1297 897 rec-

292 935 358 958 tam
376 926 471 968 hujus
484 926 543 956 loci
559 926 862 966 interpunctionem.
874 926 904 956 in
920 926 1026 966 priore
1036 926 1177 956 editione
1191 932 1299 955 nostra

291 992 487 1018 revocatam,
512 985 669 1026 gravique
687 985 878 1015 auctoritate
897 983 1056 1015 firmatam
1074 993 1109 1013 ac
1126 982 1300 1019 defensam,

291 1042 400 1073 laudat
416 1054 423 1078 ;
442 1042 472 1072 in
493 1042 595 1084 ipsum
611 1042 768 1072 editorem
783 1052 911 1072 morum
927 1041 1024 1071 ctiam
1041 1050 1203 1071 censorem
1221 1040 1301 1081 egit,

292 1100 381 1142 quasi
400 1111 436 1130 cx
455 1100 600 1130 versione
620 1099 744 1130 Gallica
772 1099 872 1131 celeb.
889 1100 1052 1130 Demere
1072 1106 1216 1140 surrepta
1240 1109 1299 1140 pro

290 1157 353 1188 suis
371 1157 505 1198 probare
524 1157 681 1188 voluisset.
716 1160 776 1195 At,
790 1158 812 1188 si
827 1168 875 1195 ea,
887 1168 967 1199 quae
985 1157 1022 1188 de
1038 1157 1097 1187 hoc
1113 1157 1182 1187 loco
1200 1166 1300 1186 anno-

288 1216 437 1248 tavimus*
449 1215 603 1257 perleget,
617 1215 717 1246 nostri
732 1216 853 1246 consilii
866 1215 959 1246 fuisse
970 1216 1227 1257 comperiet,non
1239 1215 1298 1246 ali-

289 1274 367 1315 quid
385 1273 460 1304 novi
479 1280 533 1304 aut
548 1274 646 1304 nostri
665 1273 831 1315 proferre;
857 1273 910 1304 sed
927 1283 1065 1304 veterem
1083 1272 1185 1303 Servii
1200 1272 1299 1304 inter-

289 1331 506 1374 pretationem
525 1341 687 1364 revocare.
703 1339 734 1362 et
753 1331 943 1362 auctoritate
961 1330 1159 1362 Columellae
1176 1338 1206 1361 et
1226 1330 1299 1361 Pal-

290 1388 367 1421 ladii
383 1388 484 1425 tueri;
505 1398 562 1419 nec
580 1399 642 1419 non
662 1389 785 1420 idoneis
801 1388 979 1419 rationibus
995 1388 1173 1425 ostendere,
1186 1388 1299 1429 vulga-

289 1457 358 1478 rem
376 1447 591 1478 recentiorum
606 1448 765 1478 editorum
783 1447 1082 1489 interpretationem
1099 1446 1226 1478 absurdi
1241 1446 1299 1477 ali-

288 1505 377 1547 quid.
397 1504 532 1546 ideoquc
551 1506 627 1537 salsi.
657 1509 687 1536 in
711 1517 741 1536 se
760 1506 1098 1537 continere—tantum
1118 1504 1235 1542 abesse,
1264 1512 1298 1536 ut

284 1573 341 1605 per
355 1573 409 1592 ora
421 1563 529 1604 populi
544 1563 761 1595 incederemus
772 1563 900 1594 furtivis
912 1563 1046 1593 aliorum
1059 1562 1176 1604 plumis
1189 1573 1297 1603 super-

286 1619 418 1652 hiemes.
461 1621 601 1657 Revera,
620 1632 719 1662 quum
738 1621 847 1652 decem
863 1620 997 1652 antehac
1015 1619 1105 1650 annis
1122 1619 1298 1661 Virgilium

285 1679 463 1715 ederemus,
484 1678 593 1720 (fateri
612 1679 728 1721 pudet)
748 1690 787 1710 ne
805 1679 901 1710 fando
919 1679 1047 1723 quidem
1066 1677 1241 1719 quidquam
1259 1678 1298 1708 de

288 1737 527 1769 cel.Di·:1.i1.1.z
553 1724 788 1768 audiveramus.
835 1739 877 1768 Et
896 1747 992 1773 nur-c,
1017 1746 1116 1777 quum
1145 1735 1299 1778 versionis

285 1798 354 1839 ejus
369 1797 556 1834 editionem,
568 1807 636 1828 eam
646 1787 779 1839 nempe,
791 1806 871 1838 quae
886 1806 922 1826 ex
937 1794 1039 1826 Didot
1054 1794 1185 1826 senioris
1198 1792 1298 1825 offici-

286 1864 339 1893 na,
355 1866 439 1886 anno
461 1855 558 1894 1803,
583 1855 615 1885 in
634 1854 739 1886 lucem
756 1854 890 1896 prodiit,
907 1853 1095 1889 viderimus
1123 1852 1184 1893 (id,
1211 1851 1297 1894 quod

287 1912 371 1944 intra
388 1912 446 1943 hos
462 1919 525 1944 tres
542 1922 664 1943 menses
679 1912 809 1943 demum
833 1911 924 1942 nobis
940 1909 1094 1952 contigit)
1114 1909 1144 1940 in
1164 1920 1200 1940 ea
1217 1909 1297 1941 nihil

287 1972 465 2014 quidquam
484 1970 522 2001 dc
539 1969 599 2001 hoc
627 1969 863 2012 Georgicorum
882 1968 952 1999 loco
973 1975 1161 1998 annotatum
1179 1968 1299 2009 reperi-

286 2039 368 2060 mus.
414 2028 502 2072 Qin
522 2038 570 2065 ea,
585 2038 681 2071 quam
699 2027 848 2064 diximus,
878 2027 977 2058 editio
996 2028 1113 2058 Poetae
1130 2025 1228 2056 verba
1256 2025 1297 2061 ad

286 2093 429 2117 mentem
450 2086 508 2116 cel.
524 2085 679 2117 Brunckii
696 2085 900 2128 interpolata,
928 2092 958 2115 et
978 2084 1191 2125 interpuncta,
1207 2083 1297 2114 exhi·

285 2143 339 2174 bct
356 2156 364 2180 ς
383 2145 438 2181 ita,
453 2152 488 2175 ut
505 2144 600 2186 liujus
617 2143 677 2174 loci
690 2151 856 2174 contextus
870 2150 901 2174 et
919 2143 1022 2173 versio
1041 2141 1165 2172 Gallica
1182 2142 1297 2180 adver,-
1314 2177 1318 2182 ι

287 2202 326 2233 sis
343 2202 500 2233 frontibus
518 2202 601 2232 inter
619 2212 649 2232 se
666 2210 845 2243 pugnantes
862 2200 1296 2243 componantur.-Tantum

286 2260 418 2290 Censori
439 2259 481 2289 illi
501 2270 662 2301 anonymo
678 2269 831 2301 reponere
850 2259 955 2289 visum
972 2265 1038 2296 cst3
1054 2257 1109 2300 qui
1126 2257 1207 2288 nihil
1224 2257 1298 2302 quj->

286 2316 375 2359 (lem,
388 2317 475 2360 quod
492 2317 602 2361 negari
621 2324 737 2361 potest,
753 2317 985 2349 asseveratione
999 2315 1182 2355 affirmavit,
1197 2315 1230 2348 id
1243 2325 1280 2361 ve
1290 2331 1298 2341 ·
