1493 2605
197 300 231 325 v.
249 287 337 324 381.
501 253 860 324 GEORGicoN.
904 284 961 323 11.
1194 288 1241 328 τι

194 396 382 438 Caeditur,
407 403 447 432 et
466 403 602 432 veteres
620 395 743 433 ineunt
764 395 950 445 proscenia
968 394 1044 432 ludi
1059 411 1070 442 ;

194 463 244 501 Pr
254 452 427 512 {emiaque
449 462 599 512 ingeniis
619 476 733 513 pagos
752 473 789 499 et
809 462 969 511 compita
989 462 1127 500 circum

194 529 377 567 Thesidae
398 543 561 579 posuere,
590 539 700 578 atque
720 529 814 565 inter
831 528 963 578 pocula
981 528 1067 566 laeti

194 596 372 635 Mollibus
391 598 426 633 in
447 596 557 646 pratis
577 607 706 633 unctos
726 595 858 633 saluere
878 610 943 646 per
962 606 1072 635 utres.

194 664 275 701 Nec
297 677 366 700 non
388 662 561 706 Ausonii,
591 663 703 713 Troja
722 676 811 713 gens
831 663 947 707 missa,
972 663 1092 701 coloni

194 721 370 768 Versibus
390 730 558 767 incomtis
577 728 722 772 ludunt,
744 729 889 779 risuque
909 729 1030 767 soluto
1048 746 1059 776 3

195 797 344 846 Oraque
363 796 558 833 corticibus
575 805 719 832 sumunt
734 795 911 832 horrenda
929 797 1062 834 cavatis
1081 813 1092 843 ;

195 862 247 900 Et
268 872 319 906 te,
350 862 507 906 Bacche,
527 871 657 899 vocant
677 875 743 911 per
760 861 915 898 carmina
935 856 1043 908 laeta,
1065 863 1206 914 tibique

196 928 333 967 oscilla
351 943 395 966 ex
416 928 488 965 alta
507 928 729 978 suspendunt
748 927 868 964 mollia
887 928 986 978 pinu.

196 995 300 1032 Hinc
319 995 433 1031 omnis
450 994 553 1045 largo
572 994 738 1044 pubescit
760 994 857 1031 vinea
876 994 954 1031 fetu
977 1009 987 1039 ;

197 1060 438 1110 Complentur
457 1060 634 1110 vallesque
661 1074 767 1098 cavae
786 1059 968 1110 saltusque
988 1060 1172 1109 profundi,

197 1127 252 1165 Et
272 1140 501 1176 quocumque
522 1127 609 1163 deus
627 1127 764 1163 circum
784 1136 896 1176 caput
916 1127 993 1177 egit
1013 1127 1217 1166 honestum„

197 1193 302 1243 Ergo
322 1194 390 1230 rite
411 1207 514 1230 suum
537 1193 685 1230 Baccho
705 1193 865 1229 dicemus
894 1193 1067 1230 honorem

197 1259 423 1297 Carminibus
443 1259 580 1308 patriis,
608 1259 797 1308 lancesque
816 1268 853 1296 et
872 1258 944 1295 liba
963 1258 1116 1297 feremus
1134 1276 1146 1306 ;

197 1325 265 1371 Et,
285 1326 418 1362 ductus
445 1339 572 1369 cornu,
594 1325 703 1362 stabit
722 1338 820 1361 sacer
833 1325 953 1361 hircus
972 1326 1017 1362 ad
1036 1340 1147 1372 aram,

197 1391 427 1442 Pinguiaque
447 1391 481 1428 in
502 1392 645 1428 veribus
665 1390 880 1428 torrebimus
899 1404 984 1428 exta
1002 1393 1172 1430 columis.

251 1458 322 1494 Est
341 1458 447 1493 etiam
460 1457 518 1494 ille
533 1457 636 1494 labor
647 1457 815 1494 curandis
831 1458 961 1495 vitibus
975 1458 1078 1502 alter,
1114 1460 1251 1509 [tannis

198 1523 268 1563 Cui
288 1537 483 1573 numquam
502 1523 667 1560 exhausti
682 1523 766 1560 satis
780 1533 852 1561 est:
875 1538 1028 1574 namque
1043 1539 1149 1563 omne
1163 1541 1254 1576 quo-

198 1588 348 1639 Terque
362 1600 560 1640 quaterque
571 1590 686 1627 solum
698 1590 945 1635 scindendum,
957 1590 1135 1641 glebaque
1146 1593 1254 1630 versis

200 1658 404 1694 Aeternum
424 1655 622 1706 frangenda
639 1655 845 1693 bidentibus
862 1672 872 1702 3
903 1671 1008 1694 omne
1025 1657 1215 1695 levandum

202 1721 346 1759 Fronde
367 1735 489 1758 nemus
507 1737 516 1758 :
538 1722 630 1759 redit
645 1722 813 1773 agricolis
826 1722 928 1759 labor
942 1732 1044 1760 actus
1063 1724 1098 1760 in
1118 1725 1254 1771 orbem,

200 1790 333 1839 Atque
352 1789 386 1824 in
408 1802 444 1825 se
463 1802 526 1825 sua
545 1803 610 1838 per
630 1789 780 1839 vestigia
799 1788 953 1826 volvitur
970 1803 1094 1828 annus.

200 1855 264 1892 Ac
280 1857 352 1905 jam
374 1853 472 1898 olim,
503 1868 594 1891 seras
613 1855 736 1904 posuit
756 1869 869 1904 quum
888 1855 987 1892 vinea
1008 1854 1160 1901 frondis,

202 1919 374 1970 Frigidus
393 1929 430 1956 et
450 1919 543 1956 silvis
563 1920 682 1970 aquilo
703 1921 861 1958 decussit
879 1921 1078 1966 honorem;

199 1987 281 2024 Jam
300 1995 379 2023 tum
398 1999 480 2023 acer
499 2001 601 2024 curas
622 1987 822 2024 venientem
840 1988 1004 2024 extendit
1021 1988 1057 2024 in
1076 2002 1208 2027 annum

205 2051 393 2096 Rusticus,
413 2061 451 2090 et
470 2066 580 2089 curvo
603 2054 749 2091 Saturni
768 2053 874 2090 dente
893 2053 1054 2090 relictam

204 2117 438 2167 Persequitur
456 2118 564 2155 vitem
585 2119 790 2163 attondens,
811 2119 988 2170 fingitque
1007 2122 1184 2170 putando.

206 2183 345 2221 Primus
365 2184 514 2222 humum
534 2184 670 2229 fodito,
698 2185 834 2234 primus
850 2187 1000 2224 devecta
1015 2198 1179 2227 cremato
