1493 2605
206 284 238 307 v.
258 273 348 309 439.
528 267 830 306 AENEIDOS
888 269 946 306 11.
1184 269 1258 307 163

207 380 308 418 Bella
330 380 462 424 forent,
484 378 570 416 nulli
591 367 915 417 totamorerentur
933 380 967 417 in
993 380 1094 424 urbe,

206 447 266 485 Sic
279 447 437 484 Martem
453 446 685 490 indomitum,
698 446 921 497 Danaosque
934 447 979 483 ad
991 456 1090 484 tecta
1103 445 1250 491 ruentis,

203 514 407 556 Cernimus,
440 513 697 562 obsessumque
717 523 799 550 acta
816 513 996 552 testudine
1014 513 1133 550 limen.

201 581 370 619 Haerent
391 579 588 629 parietibus
618 578 758 623 scalae;
788 589 984 629 postesque
1015 580 1081 617 sub
1101 580 1198 629 ipsos

202 647 383 685 Nituntur
402 646 588 697 gradibus,
609 645 818 694 clipeosque
839 647 883 682 ad
902 645 975 683 tela
994 646 1143 684 sinistris

202 713 366 750 Protecti
385 713 576 764 objiciunt,
596 721 766 761 prensant
786 710 931 763 fastigia
952 713 1101 751 dextris.

201 779 434 816 Dardanidae
454 788 582 815 contra
601 778 723 821 turris,
743 791 784 814 ac
804 786 904 815 tecta
926 779 1117 816 domorum

201 845 381 890 Culmina,
401 844 608 883 convellunt
623 859 633 882 ι
651 844 706 880 his
722 857 771 885 se,
792 845 936 893 quando
949 844 1075 882 ultima
1086 855 1250 891 cernunt,

201 912 379 950 Extrema
393 915 466 964 jam
486 912 521 948 in
543 922 658 947 morte
678 922 805 960 parant
826 911 1016 949 defendere
1035 912 1141 957 telis;

198 979 436 1029 Auratasque
456 979 589 1021 trabes,
618 987 779 1014 veterum
799 979 930 1016 decora
949 978 1021 1016 alta
1042 990 1247 1029 parentum,

197 1045 411 1082 Devolvunt
429 1060 437 1083 :
469 1045 527 1081 alii
547 1044 681 1081 strictis
702 1046 933 1082 mucronibus
954 1046 1042 1082 imas

197 1111 385 1149 Obsedere
403 1110 525 1156 fores;
555 1111 618 1148 has
638 1121 777 1148 servant
797 1111 939 1162 agmine
963 1113 1086 1150 denso.

197 1178 394 1215 Instaurati
414 1178 535 1223 animi,
555 1178 651 1228 regis
671 1191 877 1215 succurrere
896 1179 1016 1222 tectis,

194 1244 560 1294 Auxilioquelevare
580 1245 687 1287 viros,
709 1246 851 1296 vimque
871 1246 1001 1282 addere
1021 1246 1139 1283 victis.

250 1312 382 1349 Limen
402 1320 490 1355 erat,
512 1324 710 1360 caecaeque
730 1311 838 1354 fores,
858 1322 895 1348 et
914 1312 1058 1360 pervius
1078 1325 1162 1349 usus

195 1378 400 1416 Tectorut'n
419 1378 515 1414 inter
535 1391 570 1414 se
592 1378 737 1420 Priami,
756 1390 953 1427 postesque
974 1376 1089 1414 relicti

195 1444 237 1481 A
258 1454 389 1495 tergo:
420 1443 544 1481 infelix
565 1458 636 1493 qua
657 1458 706 1486 se,
727 1444 813 1480 dum
834 1457 945 1494 regna
965 1439 1173 1488 manebant,

197 1511 348 1560 Saepius
368 1510 631 1547 Andromache
651 1510 744 1547 ferre
764 1511 978 1547 incomitata
1002 1509 1142 1547 solebat

194 1577 262 1614 Ad
283 1591 438 1621 soceros,
467 1587 503 1614 et
525 1591 590 1613 avo
612 1591 764 1626 puerum
787 1579 1020 1627 Astyanacta
1039 1577 1218 1616 trahebat.

197 1645 328 1682 Evado
349 1645 394 1681 ad
415 1644 543 1681 summi
563 1643 710 1695 fastigia
729 1643 907 1688 culminis,
936 1644 1031 1681 unde

197 1710 291 1749 Tela
311 1723 417 1747 manu
433 1710 550 1747 miseri
565 1712 753 1762 jactabant
768 1711 867 1748 irrita
886 1710 1037 1748 Teucri.

193 1776 345 1813 Turrim
365 1776 399 1812 in
420 1777 612 1826 praecipiti
632 1786 799 1822 stantem,
820 1778 1039 1827 summisque
1067 1777 1133 1814 sub
1153 1786 1248 1816 astra

193 1842 380 1880 Eductam
399 1843 521 1886 tectis,
541 1844 636 1881 unde
655 1845 771 1881 omnis
791 1844 906 1895 Troja
928 1843 1038 1880 Videri

192 1910 247 1947 Et
266 1910 438 1947 Danaum
459 1909 583 1948 solitae
604 1924 721 1954 naves,
740 1920 777 1947 et
797 1910 946 1948 Achaia
965 1920 1097 1955 castra,

193 1976 380 2027 Aggressi
398 1976 495 2013 ferro
515 1976 665 2021 circum,
695 1991 767 2028 qua
786 1991 924 2014 summa
943 1977 1095 2014 labantis

190 2043 388 2081 Juncturas
407 2043 569 2081 tabulata
589 2044 737 2088 dabant,
755 2044 988 2081 convellimus
1007 2044 1088 2081 altis

194 2109 364 2152 Sedibus,
398 2109 701 2161 impulimusque:
733 2125 788 2155 ea,
806 2111 906 2161 lapsa
925 2120 1087 2163 repente,
1109 2110 1246 2150 ruinam

191 2176 289 2215 Cum
307 2175 430 2215 sonitu
449 2177 577 2226 trahit,
596 2186 634 2216 et
653 2178 826 2216 Danaum
846 2192 953 2230 super
970 2179 1115 2231 agmina
1132 2177 1206 2219 late

675 2245 712 2282 X
743 2246 767 2282 2
