1493 2605
200 313 280 351 222
497 311 801 352 AENEIDOS
858 311 930 351 IV.
1113 325 1148 350 v.
1165 315 1258 353 551.

200 426 368 477 Degere,
398 438 498 463 more
519 424 628 469 serae,
657 425 740 462 talis
760 438 826 462 nec
846 433 996 476 tangere
1014 438 1121 463 curas
1138 425 1153 464 ἓ

200 494 286 532 Νοη
309 502 448 530 servata
469 492 559 530 fides
579 492 688 529 cineri
709 491 886 542 promissa
907 492 1075 542 Sychaeo
1093 496 1103 531 !

199 560 344 599 Tantos
364 559 423 597 illa
445 573 511 597 suo
533 560 726 610 rumpebat
747 567 898 609 pectore
919 567 1082 608 questus.

250 628 413 671 Aeneas,
432 626 526 664 celsa
546 627 580 664 in
602 626 732 677 puppi,
747 628 823 678 jam
843 634 965 664 certus
984 626 1108 672 eundi,

202 695 390 745 carpebat
411 707 570 737 somnOS,
591 695 697 731 rebus
712 695 787 745 jam
807 693 875 730 rite
896 693 1044 743 paratis.

198 763 304 801 Huic
325 775 361 799 se
380 761 497 798 forma
516 760 574 798 dei
593 759 695 798 voltu
717 760 903 798 redeuntis
922 761 1052 798 eodem

200 828 353 868 Obtulit
372 829 407 866 in
428 827 575 871 somnis,
601 840 796 877 rursusque
817 827 868 865 ita
889 827 961 864 visa
980 841 1126 866 monere
1144 837 1199 867 est
1215 844 1229 876 ς

199 896 335 934 Omnia
355 894 546 934 Mercurio
561 893 698 938 similis,
719 907 932 944 vocemque,
952 894 1202 946 coloremque,

199 963 253 1001 Et
273 962 381 1000 crinis
401 963 526 1007 flavos,
555 971 593 999 et
622 962 786 999 membra
805 962 936 1000 decora
950 965 1147 1015 juventae:

198 1030 298 1068 Nate
317 1030 396 1073 dea,
418 1038 524 1080 potes
543 1028 615 1066 hoc
636 1029 702 1066 sub
715 1042 800 1066 casu
821 1029 955 1067 ducere
975 1043 1119 1067 somnos
1136 1030 1151 1068 ἓ

198 1098 294 1143 Nec,
324 1111 417 1148 quae
437 1105 474 1134 te
493 1096 630 1135 circum
650 1105 746 1134 stent
765 1096 892 1134 deinde
912 1096 1086 1147 pericula,
1113 1096 1256 1137 cernis?

197 1166 362 1203 Demens
379 1167 388 1202 !
422 1178 487 1201 nec
507 1163 703 1214 Zephyros
717 1163 820 1201 audis
840 1164 975 1214 spirare
996 1165 1203 1203 secundos?

207 1231 278 1269 Illa
298 1231 404 1269 dolos
423 1231 615 1282 dirumque
635 1230 734 1268 nefas
753 1231 787 1268 in
809 1240 959 1282 pectore
979 1241 1111 1277 versat,

199 1299 313 1337 Certa
332 1298 436 1343 mori,
456 1298 629 1349 varioque
648 1297 782 1336 irarum
802 1298 958 1353 fluctuat
978 1307 1093 1337 aestu.

198 1365 285 1404 Non
300 1365 400 1417 fugis
416 1365 500 1403 hinc
514 1379 700 1416 praeceps,
713 1367 801 1403 dum
817 1365 1058 1415 praecipitare
1073 1365 1259 1415 potestas?

200 1433 283 1471 Jam
304 1445 401 1470 mare
419 1432 559 1470 turbari
578 1433 757 1477 trabibus,
778 1445 974 1482 saevasque
993 1432 1128 1469 videbis

197 1500 391 1539 Collucere
411 1495 522 1544 faces,
537 1502 613 1552 jam
633 1499 771 1537 fervere
791 1499 917 1537 littora
939 1499 1091 1537 flammis
1109 1515 1120 1545 ;

200 1568 238 1606 Si
259 1577 297 1605 te
316 1567 372 1604 his
391 1567 559 1618 attigerit
578 1567 682 1604 terris
703 1568 855 1605 Aurora
881 1576 1095 1604 morantem.

198 1634 269 1673 Eia
288 1648 370 1686 age,
392 1648 520 1684 rumpe
539 1647 671 1671 moras.
702 1634 855 1671 Varium
871 1641 908 1670 et
929 1631 1104 1670 mutabile
1120 1645 1259 1683 semper

201 1703 363 1742 Femina.
397 1702 458 1740 Sic
479 1700 590 1746 fatus,
609 1700 710 1738 nocti
730 1714 767 1737 se
785 1700 982 1737 immiscuit
1003 1709 1115 1738 atrae.

250 1769 353 1808 Turn
374 1783 459 1807 vero
478 1768 642 1812 Aeneas,
662 1768 790 1805 subitis
809 1769 1006 1806 exterritus
1022 1769 1175 1815 umbris,

197 1836 363 1887 Corripit
381 1850 401 1874 e
420 1849 547 1874 somno
567 1849 714 1885 corpuS,
734 1836 926 1886 sociosque
947 1835 1079 1886 fatigat
1096 1850 1106 1873 :

198 1902 419 1954 Praecipites
438 1902 599 1954 vigilate,
619 1902 698 1947 viri,
717 1911 755 1940 et
775 1903 956 1940 considite
976 1902 1142 1939 transtris
1160 1917 1171 1940 ε

200 1970 339 2009 Solvite
357 1970 435 2008 vela
455 1970 532 2007 citi.
563 1970 684 2015 Deus,
703 1970 848 2007 aethere
868 1969 995 2006 missus
1014 1969 1060 2006 ab
1081 1968 1171 2014 alto,

199 2038 385 2076 Festinare
405 2036 547 2089 fugam,
566 2045 759 2087 tortosque
779 2036 937 2073 incidere
958 2035 1068 2078 funis,

201 2107 318 2144 Ecce!
338 2105 469 2142 iterum
483 2103 658 2142 stimulat.
683 2103 879 2153 Sequimur
892 2111 1073 2147 te,sancte
1087 2101 1252 2147 deorum,
1290 2130 1294 2134 .
1313 2121 1316 2124 ·

200 2172 377 2223 Quisquis
396 2185 446 2216 eS‚
465 2171 688 2222 imperioque
707 2170 840 2207 iterum
861 2183 1027 2221 paremus
1047 2177 1209 2207 ovantes.

200 2240 317 2278 Adsis
335 2253 357 2277 o
374 2242 383 2277 !
417 2238 656 2290 placidusque
671 2240 775 2291 juves
792 2253 804 2285 ς
833 2246 872 2276 et
891 2237 1007 2276 sidera
1026 2235 1132 2274 coelo
