1493 2605
254 277 327 314 ηε
485 327 495 332 -
545 270 894 313 GEORGICON
924 271 997 310 1v.
1171 285 1206 310 v.
1219 274 1299 312 549

249 388 316 425 Ad
335 386 483 424 delubra
498 386 592 423 venit
608 400 619 430 ς
649 392 863 421 monstratas
881 383 1017 421 excitat
1034 395 1110 421 aras
1128 399 1139 430 3

247 456 419 504 Quatnor
437 453 588 490 eximios
608 451 803 501 praestanti
823 464 976 500 corpore
996 460 1120 488 tauros

247 521 382 563 Ducit,
402 529 439 556 ct
460 519 597 555 intacta
617 517 769 555 totidem
790 517 930 554 cervice
956 520 1138 569 juvencaS.

247 587 350 629 Post,
371 586 433 622 ubi
452 599 544 621 nona
564 598 647 622 suos
669 585 814 622 Aurora
835 583 1025 621 induxerat
1044 593 1160 628 ortuS,

249 651 400 690 Inferias
423 651 566 701 Orphei
587 651 716 694 mittit,
736 650 930 700 lucumque
951 650 1084 688 revisit.

245 718 326 757 Hic
348 733 445 762 vero,
466 718 628 756 subitum
649 732 690 756 ac
709 718 810 756 dictu
831 717 989 755 mirabile
1009 725 1208 766 mons-trum
1230 718 1239 752 !

245 785 478 835 Adspiciunt
498 784 694 835 liquefacta
713 786 825 822 boum
846 799 911 835 per
930 784 1063 822 viscera
1082 792 1164 820 toto

248 853 408 890 Stridere
428 866 512 902 apes
533 863 650 896 utero,
669 862 706 890 ct
726 851 843 903 ruptis
861 851 1030 888 effervere
1049 851 1160 888 costis
1178 866 1189 895 ς

246 920 265 957 Ι
271 933 515 969 mmensasque
535 919 630 956 trahi
650 919 762 956 nubes
780 934 791 964 ;
815 920 961 969 jamque
982 918 1110 955 arbore
1133 929 1270 955 summa

245 987 454 1030 confluere,
472 996 511 1024 et
529 986 636 1024 lentis
656 999 761 1023 uvam
780 985 971 1023 demittere
991 983 1109 1023 ramis.

244 1258 352 1296 Haec
373 1272 481 1309 super
499 1270 665 1295 arvorum
685 1257 787 1295 cultu
817 1269 1062 1308 pecorumque
1080 1255 1266 1299 canebam,

244 1326 298 1363 Et
318 1339 425 1376 super
443 1324 631 1363 arboribus
649 1340 659 1369 ς
688 1325 822 1362 Caesar
840 1323 927 1360 dum
946 1336 1097 1373 magnus
1116 1322 1161 1359 ad
1180 1322 1293 1359 altum

245 1392 427 1429 Fulminat
449 1390 667 1441 Euphraten
687 1389 798 1434 bello,
826 1389 1016 1439 victorque
1035 1388 1188 1426 volentis

244 1459 316 1495 Per
334 1457 489 1508 populos
509 1459 572 1494 dat
587 1459 682 1509 jura,
712 1458 875 1506 viamque
895 1455 1042 1492 affectat
1064 1454 1245 1505 Olympo.

243 1524 315 1561 Illo
337 1524 534 1576 Virgilium
554 1539 610 1561 me
629 1532 793 1573 tempore
814 1522 928 1560 dulcis
948 1521 1066 1558 alebat

243 1592 488 1642 Parthenope,
508 1591 636 1629 studiis
656 1591 844 1628 florentem
863 1589 1033 1641 ignobilis
1051 1591 1104 1626 oti
1123 1605 1134 1635 ;

241 1661 411 1698 Carmina
430 1659 491 1710 qui
510 1659 578 1696 lusi
598 1666 798 1708 pastorum,
818 1657 1008 1707 audaxque
1023 1657 1185 1707 juventa,

241 1727 388 1777 Tityre,
407 1735 444 1765 te
463 1725 608 1777 patulae
629 1724 742 1762 cecini
762 1724 830 1761 sub
847 1723 1008 1775 tegmine
1026 1722 1117 1774 fagi.

632 1943 885 1967 ll

956 2138 1000 2178 P.
1030 2120 1295 2178 VIRGILII*
