1493 2605
224 256 278 294 32
610 255 923 299 BUCOLICA.
1164 278 1199 303 v.
1221 267 1279 304 1‘2.

220 364 357 405 Nostra
377 358 508 413 valent,
531 368 689 420 Lycida,
710 368 783 408 tela
797 371 892 410 inter
906 371 1056 419 Martia,
1075 384 1253 425 quantum

217 438 397 477 Chaonias
417 439 558 482 dicunt,
579 438 697 489 aquila
719 437 896 483 veniente,
919 439 1118 479 columbas.

216 505 344 556 Quod,
366 507 429 543 nisi
451 520 506 543 me
527 518 756 555 quacumque
776 518 885 542 novas
903 505 1059 544 incidere
1078 506 1151 545 litis

211 575 318 612 Ante
338 574 476 610 sinistra
496 585 582 609 cava
597 571 793 609 monuisset
812 572 857 609 ab
876 571 961 610 ilice
977 575 1119 619 cornix,

214 639 294 678 Nec
314 650 400 678 tuus
421 640 478 678 hic
501 639 653 684 Moeris,
675 652 739 677 nec
758 640 892 677 viveret
911 639 990 690 ipse
1008 640 1205 680 Menalcas.

640 706 812 759 Lycidas.

211 774 300 812 Heu
320 777 328 812 Ξ
361 774 457 811 cadit
480 775 514 811 in
532 786 749 824 quemquam
770 782 913 812 tantum
934 773 1077 814 scelus?
1104 776 1189 821 heu,
1210 785 1273 814 tua

211 841 329 879 Paene
350 841 454 878 simul
470 852 592 879 tecum
609 840 736 878 solatia
751 850 869 891 rapta,
891 840 1061 879 Menalca
1079 845 1088 880 Ξ
1144 843 1272 892 [nobis

208 909 302 960 Quis
310 919 452 946 caneret
465 908 663 959 nymphas?
677 908 756 959 quis
769 907 919 945 humum
928 907 1140 947 florentibus
1150 910 1272 950 herbis

208 976 426 1027 Spargerct?
445 984 506 1012 aut
521 974 622 1011 viridi
637 974 748 1011 fontis
760 974 946 1011 induceret
966 975 1093 1012 umbra
1107 976 1121 1014 ἓ

204 1044 275 1082 Vel
295 1057 386 1093 quae
406 1041 548 1092 sublegi
567 1041 701 1078 tacitus
716 1040 783 1077 tibi
802 1040 959 1078 carmina
980 1055 1109 1092 nuper,

203 1112 329 1160 Quum
350 1118 387 1146 te
407 1109 452 1144 ad
471 1106 616 1144 delicias
636 1106 760 1152 ferres,
779 1106 1027 1158 Amaryllida,
1047 1118 1186 1147 nostras
1203 1111 1217 1148 ?

201 1177 349 1227 Tityre,
369 1176 455 1212 dum
476 1174 598 1218 redeo,
618 1172 735 1211 brevis
753 1181 809 1210 est
829 1173 898 1217 via,
918 1187 1026 1223 pasce
1045 1174 1199 1225 capellas
1217 1192 1229 1223 ς

201 1246 255 1283 Et
275 1253 405 1294 potum
425 1251 545 1293 pastas
565 1256 647 1293 age,
667 1241 802 1291 Tityre
819 1256 829 1286 ;
859 1249 911 1283 et,
930 1240 1024 1277 inter
1041 1242 1237 1292 agendum,

201 1311 407 1350 Occursare
425 1322 550 1360 capro,
574 1321 687 1346 cornu
706 1305 790 1344 ferit
809 1304 882 1352 ille,
907 1316 1048 1346 caveto,

649 1377 802 1416 Moeris.

199 1445 318 1483 Immo
338 1443 442 1488 haec,
463 1457 554 1494 quae
573 1443 674 1481 Varo
693 1455 759 1480 nec
779 1441 868 1480 dumv
886 1440 1049 1492 perfecta
1067 1443 1218 1482 canebat
1234 1445 1250 1484 Ξ

196 1511 308 1555 Vare‚
327 1520 433 1548 tuum
453 1524 597 1555 nomen,
617 1518 762 1561 superet
781 1509 891 1546 modo
912 1509 1068 1548 Mantua
1088 1512 1208 1559 nobis,

195 1577 351 1616 Mantua
365 1592 428 1616 vae
447 1579 596 1617 miserae
616 1578 765 1616 nimium
785 1577 901 1615 vicina
919 1577 1120 1616 Cremonae
1137 1581 1148 1617 !

192 1645 395 1683 Cantantes
414 1645 566 1684 sublime
584 1644 701 1683 ferent
720 1645 766 1682 ad
785 1644 900 1682 sidera
917 1643 1039 1695 cycni.

624 1711 800 1766 Lycidas.

194 1777 254 1816 Sic
273 1787 338 1816 tua
357 1779 522 1829 Cyrneas
542 1776 685 1831 fugiant
704 1778 869 1817 examina
889 1786 994 1816 taxos
1012 1793 1024 1824 ς

193 1844 253 1882 Sic
271 1846 390 1896 cytiso
410 1854 535 1895 pastae
553 1845 761 1883 distendant
780 1846 892 1884 ubera
911 1859 1039 1884 vaccae
1056 1861 1068 1884 ε

190 1912 331 1963 Incipe,
351 1912 379 1950 si
399 1913 487 1963 quid
506 1911 629 1950 habes.
688 1912 742 1950 Et
762 1925 819 1950 me
834 1911 954 1951 fecere
972 1922 1120 1963 poetam

189 1978 347 2016 Pierides
364 1993 375 2025 ;
405 1987 490 2016 sunt
507 1987 545 2016 et
566 1977 653 2015 mihi
672 1978 829 2016 carmina
845 1993 856 2017 ε
885 1992 942 2016 me
957 1993 1105 2030 quoque
1123 1978 1251 2018 dicunt?

188 2044 322 2082 Vatem
340 2053 506 2095 pastores
522 2059 533 2083 ε
564 2044 626 2082 sed
647 2058 718 2082 non
737 2058 810 2097 ego
829 2044 996 2083 credulus
1016 2045 1097 2083 illis.

192 2110 288 2148 Nam
309 2125 424 2162 neque
444 2111 564 2149 adhuc
585 2110 699 2150 Vario
717 2110 842 2150 videor
858 2126 922 2150 nec
941 2112 1061 2150 dicere
1079 2112 1197 2152 Cinna

187 2175 327 2227 Digna,
348 2178 410 2215 sed
429 2187 581 2231 argutos
599 2176 694 2218 inter
711 2186 870 2230 strepere
889 2191 990 2218 anser
1008 2179 1140 2219 olor-<280
