1493 2605
191 191 225 214 ν.
244 180 335 216 690.
494 173 795 212 AENEIDOS
853 173 925 211 IV.
1154 175 1230 215 227

190 287 270 325 Ter
288 300 364 324 sese
383 274 563 329 attolleris,
587 284 788 334 cubitoque
807 283 950 327 adnixa,
969 283 1123 322 levavit:

188 354 268 391 Ter
286 345 449 390 revoluta
466 361 549 389 toro
568 360 635 394 est,
655 350 842 400 oculisque
860 351 1061 388 errantibus
1080 350 1155 388 alto

189 420 379 470 Quaesivit
397 418 498 456 coelo
517 418 648 461 lucem,
674 418 924 468 ingemuitque
943 426 1096 467 reperta.

243 487 341 523 Tum
360 486 456 523 Juno
475 485 718 534 omnipotens,
751 483 901 535 longum
934 484 1101 522 miserata
1127 485 1232 523 dolo-

186 551 432 601 Difficilisque
451 551 587 594 obitus,
609 550 697 587 Irim
717 544 859 587 demisit
878 549 1058 601 Olympo,
1118 554 1231 601 [rem,

189 619 294 667 Quae
313 616 511 654 luctantem
523 616 689 658 animam,
703 630 886 666 nexosque
898 616 1093 654 resolveret
1108 627 1206 656 artus
1216 634 1227 656 ε

187 685 298 728 Nam,
326 683 410 734 quia
428 697 491 720 nec
510 682 602 726 fato,
631 681 758 719 merita
778 696 843 719 nec
862 692 992 728 morte,
1011 684 1167 734 peribat,

152 752 154 754 ’
187 750 261 788 Sed
280 750 406 786 misera
425 758 505 786 ante
524 749 631 791 diem,
661 748 854 799 subitoque
873 762 1021 786 accensa
1041 752 1162 788 furore
1179 766 1192 796 ;

187 817 362 854 Nondum
381 815 430 853 illi
452 816 580 852 flavum
603 815 817 865 Proserpina
836 815 968 852 vertice
991 816 1124 853 crinem

186 882 422 926 Abstulerat,
445 882 653 932 Stygioque
672 891 786 931 caput
805 882 1033 920 damnaverat
1059 883 1175 920 Orco.

186 949 292 1000 Ergo
316 949 380 987 Iris
399 948 534 986 croceis
554 963 619 998 per
638 948 780 985 eoelum
800 949 940 986 roscida
959 949 1097 999 pennis,

186 1014 291 1053 Mille
312 1015 456 1051 trahens
475 1014 588 1051 varios
607 1015 755 1051 adverso
771 1014 844 1051 sole
864 1014 1017 1059 colores,
1054 1053 1058 1060 ,

186 1080 360 1124 Devolat‚
381 1091 417 1118 et
438 1094 544 1130 supra
564 1090 674 1130 caput
694 1081 859 1120 adstitit:
893 1081 1008 1118 Hunc
1029 1095 1099 1132 ego
1120 1081 1202 1119 Diti

187 1149 340 1185 Sacrum
355 1150 452 1199 jussa
472 1147 563 1190 fero,
592 1157 699 1197 teque
719 1147 789 1184 isto
809 1161 962 1197 corpore
982 1147 1095 1185 solvo.

188 1214 250 1251 Sic
270 1213 333 1257 ait,
352 1223 389 1250 et
410 1213 537 1250 dextra
556 1212 691 1249 crinem
712 1222 833 1250 secat:
865 1213 979 1250 omnis
996 1223 1033 1251 et
1053 1228 1123 1251 una

187 1279 363 1331 Dilapsus
383 1279 494 1326 calor,
513 1288 623 1329 atque
642 1280 677 1316 in
697 1288 822 1316 ventos
843 1280 916 1319 vita
935 1281 1095 1318 recessit:

503 1507 651 1546 FINIS
693 1507 832 1546 TOM.
874 1508 907 1545 Ι.

577 1742 828 1764 l!
