1493 2605
151 332 185 356 v.
202 318 293 359 467.
478 314 782 354 AENEIDOS
841 315 915 353 IV.
1134 319 1215 356 219

156 429 242 468 Sola
263 428 343 472 sibi,
372 441 513 478 semper
531 427 679 479 longam
699 428 913 465 incomitata
933 427 1078 465 videtur

157 498 218 535 Ire
239 498 342 538 viam,
372 504 410 532 et
434 495 572 545 Tyrios
592 495 732 532 deserta
751 508 923 545 quaerere
942 503 1051 532 terra.

155 562 402 602 Eumenidum
423 562 534 599 veluti
555 562 701 599 demens
721 562 817 599 videt
850 562 994 614 agmina
1014 560 1213 605 Pentheus,

155 631 208 669 Et
223 630 334 668 solem
347 629 545 680 geminum,
557 638 594 666 et
607 628 762 678 duplicis
776 642 812 665 se
825 629 1017 666 ostendere
1038 628 1210 666 Thebas:

153 699 240 736 Aut
260 696 580 748 Agamemnonius
601 696 715 736 scenis
735 696 897 747 agitatus
919 696 1085 740 Orestes,

151 765 349 804 Armatam
369 763 509 801 facibus
529 773 694 807 matrem,
722 772 759 800 et
780 764 1008 813 serpentibus
1029 763 1131 809 atris,

104 836 109 840 “
152 834 279 883 Quum
299 831 414 883 fugit,
444 830 662 880 ultricesque
683 830 809 867 sedent
829 831 863 866 in
885 830 1007 868 limine
1027 832 1156 869 Dirae.

207 900 328 950 Ergo,
358 899 421 935 ubi
441 898 613 947 concepit
637 897 779 941 Furias,
809 898 926 934 evicta
947 896 1087 942 dolore,

151 965 402 1015 Decrevitque
423 966 539 1009 mori3
561 973 704 1014 tempus
722 977 845 1001 secum
860 965 950 1014 ipsa,
970 964 1210 1014 modumque,

153 1032 304 1083 Exigit,
333 1041 386 1076 et,
415 1040 589 1068 moestam
609 1031 716 1068 dictis
735 1044 909 1082 aggressa
933 1044 1106 1074 sororem,

151 1098 356 1136 Consilium
377 1098 480 1136 voltu
500 1099 610 1149 tegit,
639 1112 680 1135 ac
701 1112 801 1148 spem
822 1097 943 1135 fronte
964 1106 1128 1135 serenat:

152 1166 295 1209 Inveni,
324 1179 506 1216 germana,
527 1166 634 1208 viam,
656 1175 800 1216 gratare
821 1166 949 1209 sorori,

152 1234 259 1283 Quae
280 1233 367 1269 mihi
387 1233 515 1269 reddat
534 1245 632 1275 eum,
667 1231 722 1268 vel
741 1245 784 1268 eo
804 1245 861 1268 me
883 1231 997 1268 solvat
1017 1239 1210 1268 amantem.

154 1299 294 1337 Oceani
315 1299 421 1336 finem
436 1301 560 1349 juxta,
589 1298 774 1348 solemque
793 1298 998 1342 cadentem,

151 1364 319 1403 Ultimus
338 1365 573 1415 Aethiopum
592 1364 695 1402 locus
715 1374 784 1409 est,
819 1366 881 1402 ubi
898 1367 1075 1403 maximus
1095 1365 1212 1403 Atlas

150 1432 279 1470 Axem
298 1432 450 1469 humero
470 1440 636 1481 torquet,
663 1431 775 1468 stellis
796 1433 1007 1470 ardentibus
1027 1439 1182 1483 ap'tum:

152 1499 255 1537 Hinc
276 1499 363 1535 mihi
386 1498 570 1549 Massylae
590 1498 710 1549 gentis
730 1509 930 1536 monstrata
949 1500 1131 1545 sacerdos,

152 1564 403 1614 Hesperidum
423 1565 551 1615 templi
570 1575 710 1609 custos,
731 1566 928 1616 epulasque
953 1566 1102 1602 draconi

152 1632 257 1682 Quae
277 1632 400 1675 dabat,
421 1642 459 1669 et
480 1645 598 1668 sacros
615 1632 778 1669 servabat
801 1633 836 1669 in
858 1634 988 1669 arbore
1007 1647 1141 1678 ramos,

153 1699 339 1750 Spargens
359 1699 509 1735 humida
528 1698 645 1743 mella,
680 1699 993 1750 soporiferumque
1012 1714 1184 1750 papaver.

153 1765 262 1804 Haec
283 1780 319 1802 se
340 1766 558 1803 carminibus
580 1766 764 1816 promittit
785 1765 920 1803 solvere
939 1768 1070 1804 mentis

153 1833 256 1882 Quas
277 1832 375 1876 velit,
397 1842 451 1869 ast
471 1833 547 1869 aliis
567 1834 676 1870 duras
696 1833 892 1870 immittere
915 1847 1019 1870 curas
1038 1848 1049 1878 ;

153 1898 288 1937 Sistere
308 1912 438 1949 aquam
458 1899 588 1944 fluviis,
617 1910 655 1937 et
676 1910 812 1937 vertere
842 1900 957 1937 sidera
976 1910 1074 1937 retro
1091 1916 1103 1947 3

152 1965 441 2015 Nocturnosque
461 1966 533 2004 ciet
551 1967 673 2004 Manis
691 1983 701 2006 ι
733 1969 874 2018 mugire
896 1967 1034 2005 videbis

153 2031 231 2068 Sub
251 2032 404 2082 pedibus
424 2041 570 2077 terram,
590 2043 627 2071 et
647 2034 864 2071 descendere
884 2034 1069 2071 montibus
1088 2048 1208 2074 ornos.

150 2099 303 2143 Testor,
332 2113 428 2144 cara,
448 2099 548 2144 deos,
568 2110 605 2138 et
625 2110 677 2144 te,
697 2114 883 2152 germana,
904 2110 1085 2151 tuumque

151 2165 275 2203 Dulce
294 2176 420 2217 caput,
450 2169 610 2219 magicas
629 2168 779 2205 invitam
799 2168 982 2219 accingier
1000 2169 1100 2208 artis.

151 2231 216 2270 Tu
236 2243 374 2271 secreta
391 2247 523 2286 pyram
543 2243 646 2272 tecto
665 2236 836 2273 interiore
857 2236 923 2274 sub
944 2249 1047 2273 auras

609 2302 749 2341 Ee2
