1493 2605
409 493 452 532 P.
483 493 740 534 VIRGILII
770 493 1037 534 MARONIS

195 650 1255 711 GEURGJCUN

579 821 758 860 LIBER
808 821 879 860 IV.

197 1102 430 1142 PRO-renus
460 1103 546 1142 a'e'rii
566 1103 679 1142 mellis
698 1103 865 1142 coelestia
893 1103 988 1141 dona

196 1171 389 1221 Exsequar
407 1186 416 1208 :
447 1171 539 1209 hanc
559 1171 682 1215 etiam,
703 1170 909 1215 Maecenas,
930 1169 1075 1220 adspice
1095 1177 1247 1220 partem.

194 1238 425 1276 Admiranda
444 1237 512 1275 tibi
531 1237 660 1275 levium
681 1236 886 1288 spectacula
906 1250 1037 1281 rerum,

193 1305 525 1356 Magnanimosque
544 1305 667 1348 duces,
688 1304 875 1354 totiusque
895 1304 1020 1340 ordine
1041 1303 1160 1354 gentis

194 1371 336 1415 Mores,
356 1381 392 1408 et
414 1372 546 1416 studia,
566 1381 602 1409 et
623 1371 793 1422 populos,
813 1380 849 1408 et
871 1370 1019 1421 proelia,
1040 1371 1170 1408 dicam.

194 1438 240 1476 In
261 1439 360 1476 tenui
381 1438 510 1477 labor:
541 1448 577 1476 at
598 1439 714 1476 tenuis
736 1453 806 1475 non
827 1438 958 1490 gloria,
989 1438 1016 1475 si
1045 1451 1155 1487 quem

193 1504 355 1543 Numina
374 1504 471 1543 laeva
492 1505 624 1549 sinunt,
645 1505 822 1555 auditque
842 1513 992 1542 vocatus
1009 1503 1166 1554 Apollo.

248 1571 445 1623 Principio,
475 1573 576 1609 sedes
595 1572 724 1622 apibus
745 1571 926 1622 statioque
949 1571 1116 1621 petenda,

195 1637 284 1687 Quo
305 1652 421 1688 neque
442 1638 486 1675 sit
507 1639 620 1675 ventis
640 1639 772 1681 aditus,
798 1638 898 1690 (nam
919 1637 1052 1687 pabula
1070 1637 1166 1674 venti

196 1703 307 1742 Ferre
327 1705 475 1742 domum
509 1703 726 1756 prohibent)
750 1719 865 1755 neque
885 1718 969 1741 oves
988 1703 1167 1754 haedique
1186 1719 1246 1756 pc-

194 1771 367 1810 Floribus
385 1772 573 1816 insultent,
593 1781 655 1809 aut
673 1786 792 1810 errans
810 1771 943 1809 bucula
963 1785 1089 1822 campo
1132 1770 1247 1822 [tulci

195 1838 377 1877 Decutiat
398 1852 529 1883 rorem,
552 1848 588 1875 ct
609 1838 790 1889 surgentis
809 1846 942 1874 atterat
960 1837 1102 1875 herbas.

195 1906 336 1944 Absint
356 1915 393 1943 et
414 1905 504 1956 picti
523 1905 721 1956 squalentia
736 1915 841 1956 terga
855 1903 980 1941 lacerti

196 1973 401 2024 Pinguibus
413 1986 433 2009 a
444 1972 607 2016 stabulis,
623 1985 871 2022 meropesque,
891 1970 1050 2020 aliaeque
1066 1969 1254 2013 volueresr

196 2038 264 2083 Et,
285 2040 462 2084 manibus,
483 2041 636 2084 Procne,
655 2049 784 2090 pectus
805 2039 945 2090 signata
965 2036 1135 2074 cruentis.

196 2105 331 2144 Omnia
350 2119 430 2143 narn
449 2105 520 2143 late
540 2116 694 2148 vastant,
714 2107 879 2157 ipsasque
899 2104 1052 2141 volantis

197 2172 272 2210 Ore
292 2173 415 2210 ferunt
433 2172 577 2211 dulcem
596 2173 688 2210 nidis
706 2172 905 2209 immitibus
923 2184 1055 2209 escam.

198 2240 259 2279 At
278 2240 407 2291 liquidi
425 2239 547 2280 fontes
565 2250 604 2280 et
623 2250 752 2293 stagna
770 2240 920 2278 virentia
939 2252 1065 2277 musco

1490 776 1493 856 ——
1484 537 1493 763 -,Αᾲ.μ.-,
1491 494 1493 524 -
1491 465 1493 479 -
1490 411 1493 451 .-.-
1488 311 1493 401 ,--ᾲ
