1493 2605
196 297 230 320 v.
250 285 311 322 14.
531 281 772 321 ECLOGA
829 283 882 320 X.
1197 289 1248 326 35

192 392 330 431 Pinifer
347 392 447 429 illum
467 392 588 435 etiam,
609 391 684 429 sola
703 392 769 430 sub
789 405 878 444 rupe
893 382 1088 446 jacentem,

189 458 396 502 Maenalus,
412 468 447 496 et
467 458 575 510 gelidi
595 458 769 497 fleverunt
789 473 872 497 saxa
896 462 1048 511 Lycaei.

190 525 298 562 Stant
316 538 354 561 et
373 539 456 562 oves
475 525 611 562 circum
629 543 639 571 3
668 526 781 563 nostri
802 540 867 564 nec
887 528 1052 577 poenitet
1070 526 1146 565 illas
1162 542 1174 574 ;

186 592 267 631 Nec
287 601 323 628 te
343 591 527 641 poeniteat
549 593 702 643 pecoris,
723 592 840 630 divine
861 603 995 643 poeta:

186 657 241 695 Et
262 657 440 695 formosus
459 671 542 695 oves
561 659 604 695 ad
627 659 772 696 flumina
792 660 889 709 pavit
910 660 1069 698 Adonis.

185 723 301 761 Venit
319 733 357 762 et
377 724 488 774 upilio
507 740 517 769 ;
548 725 640 762 tardi
656 739 781 762 venere
801 726 951 763 bubulci
970 742 980 771 ς

185 791 333 830 Uvidus
352 791 500 828 hiberna
519 792 615 830 venit
633 793 678 829 de
699 791 830 843 glande
851 792 1051 830 Menalcas.

186 858 338 902 Omnes,
347 859 457 897 Unde
473 872 574 896 amor
587 858 667 903 iste,
681 868 827 910 rogant,
838 860 926 897 tibi?
956 859 1068 896 Venit
1083 858 1246 909 Apollo:

187 925 310 970 Galle,
329 926 418 976 quid
436 926 564 963 insanis
580 927 593 964 ?
621 926 738 976 inquit
756 940 766 962 ε
796 935 860 962 tua
879 940 978 970 cura,
1003 924 1160 975 Lycoris

186 991 329 1041 Perque
345 992 440 1028 nives
455 992 577 1035 aliurn,
591 1006 725 1041 perque
739 992 886 1029 horrida
898 1002 1028 1037 castra,
1043 1001 1167 1031 secuta
1177 1000 1249 1030 est·

185 1057 300 1094 Venit
319 1067 355 1095 et
376 1058 511 1109 agresti
531 1058 661 1107 capitis
679 1057 842 1094 Silvanus
861 1058 1011 1103 honore,

185 1122 375 1161 Florentes
395 1123 526 1160 ferulas
545 1133 583 1161 et
603 1124 751 1175 grandia
771 1123 842 1160 lilia
861 1137 1046 1174 quassans.

185 1189 263 1228 Pan
284 1190 371 1226 deus
395 1190 579 1228 Arcadiae
601 1190 696 1226 venit
715 1205 725 1233 ;
756 1204 862 1238 quem
885 1190 1037 1227 vidimus
1055 1190 1127 1240 ipsi

184 1255 399 1307 Sanguineis
418 1255 515 1292 ebuli
535 1256 655 1293 baccis
672 1256 853 1305 minioque
869 1256 1073 1292 rubentem.

183 1320 326 1371 Ecquis
344 1322 412 1358 erit
431 1322 558 1358 modus
575 1323 588 1360 ἓ
607 1322 725 1372 inquit
742 1337 751 1359 :
775 1323 899 1359 Amor
917 1335 988 1358 non
1007 1321 1094 1359 talia
1112 1330 1242 1359 curat:

184 1388 267 1427 Nec
287 1388 439 1426 lacrimis
455 1388 610 1425 crudelis
631 1389 766 1432 Amor,
788 1403 852 1426 nec
872 1390 1035 1440 gramina
1053 1389 1149 1433 rivis,

184 1455 266 1493 Nec
285 1455 404 1505 cytiso
424 1464 630 1491 saturantur
649 1468 747 1503 apes,
768 1469 832 1492 nec
853 1455 980 1492 fronde
1000 1455 1173 1505 capellae.

182 1519 319 1558 Tristis
339 1530 376 1557 at
394 1520 465 1564 ille,
489 1522 632 1558 Tamen
652 1521 858 1565 cantabitis,
881 1522 1064 1566 Arcades,
1092 1522 1225 1572 inquit,

183 1586 378 1625 Montibus
399 1587 486 1624 haec
509 1587 643 1630 vestris,
674 1586 739 1623 soli
759 1598 903 1624 cantare
923 1588 1031 1638 periti

183 1653 365 1691 Arcades.
402 1653 437 1690 O
455 1653 540 1689 mihi
555 1662 634 1690 tum
649 1666 756 1703 quarn
774 1654 931 1692 molliter
945 1669 1025 1692 ossa
1040 1655 1242 1705 quiescant,

182 1721 318 1758 Vestra
335 1734 432 1757 meos
452 1720 538 1757 olim
556 1721 585 1757 si
605 1720 724 1758 fistula
743 1721 840 1758 dicat
859 1735 997 1758 amores
1016 1725 1024 1759 !

182 1787 318 1836 Atque
338 1787 474 1823 utinam
489 1801 533 1823 ex
555 1788 656 1824 vobis
678 1801 781 1828 unus,
811 1788 991 1839 vestrique
1011 1788 1158 1826 fuissem

182 1855 271 1894 Aut
290 1864 412 1892 custos
433 1854 568 1905 gregis,
589 1865 651 1891 aut
669 1864 830 1892 maturae
851 1856 983 1893 vinitor
1003 1859 1113 1893 uvae!

183 1922 308 1965 Certe,
327 1921 398 1957 sive
418 1921 504 1957 mihi
527 1920 680 1970 Phyllis,
701 1921 771 1958 sive
790 1933 884 1959 esset
905 1923 1107 1972 Amyntas,

186 1989 258 2026 Seu
274 1988 493 2038 quicumque
506 1987 621 2031 furor,
633 1988 743 2040 (quid
754 1998 846 2032 tum,
860 1989 887 2025 si
901 1987 1242 2040 fuscusAmyntas?

183 2055 239 2093 Et
259 2054 381 2105 nigrae
400 2054 514 2092 violae
533 2064 630 2097 sunt,
651 2065 687 2091 et
707 2041 866 2093 vaccinia
886 2055 1009 2107 nigra)

183 2120 334 2158 Mecum
353 2121 448 2158 inter
466 2121 588 2158 salices
607 2121 704 2158 lenta
724 2123 789 2159 sub
810 2123 882 2159 vite
898 2125 1035 2173 jaceret
1052 2138 1062 2161 ς

182 2187 290 2225 Serta
307 2186 395 2224 mihi
415 2187 554 2239 Phyllis
572 2188 724 2241 legeret,
752 2198 915 2228 cantaret
933 2191 1134 2241 Amyntas.

675 2254 709 2293 E
731 2256 755 2292 2
