1493 2605
194 256 228 280 v.
245 243 334 280 440.
470 240 814 280 GEORGICON
871 241 952 279 111.
1185 248 1236 283 93

246 352 464 390 Morborum
483 366 629 402 quoque
648 361 685 389 te
704 365 844 389 caussas
863 361 901 388 et
920 352 1022 403 signa
1051 353 1205 392 docebo.

191 417 331 469 Turpis
350 419 424 455 ovis
443 427 563 456 tentat
583 419 731 462 scabies,
761 418 822 455 ubi
843 417 996 469 frigidus
1015 419 1130 456 imber

190 484 319 524 Altius
338 486 383 522 ad
403 486 518 521 vivum
539 485 710 534 persedit,
734 493 770 521 et
791 485 933 521 horrida
953 499 1043 522 cano

191 551 326 590 Bruma
344 551 456 602 gelu3
486 551 541 588 vel
560 565 671 602 quum
691 551 804 587 tonsis
823 551 945 587 illotus
965 552 1127 589 adhaesit

190 617 325 661 Sudor,
350 627 387 654 et
406 617 534 654 hirsuti
553 625 745 654 secuerunt
764 630 917 667 corpora
937 632 1073 667 vepres,

188 683 374 722 Dulcibus
394 684 530 720 idcirco
551 682 667 719 fluviis
686 696 798 732 pecus
816 696 922 720 omne
943 684 1106 734 magistri

187 748 431 792 Perfundunt,
453 748 602 798 udisque
621 747 710 784 aries
729 747 764 783 in
785 748 936 798 gurgite
956 748 1048 786 villis

187 814 383 860 Mersatur,
404 815 602 864 missusque
623 814 782 851 secundo
802 814 930 851 defluit
949 814 1068 858 amni3

186 881 273 920 Aut
293 890 437 918 tonsum
456 881 550 918 tristi
579 881 797 931 contingunt
816 894 948 930 corpus
967 894 1126 925 amurca,

185 947 240 984 Et
260 961 403 997 spumas
423 948 575 984 miscent
594 948 748 998 argenti,
768 947 918 997 vivaque
939 946 1088 992 sulfura,

186 1013 387 1063 Idaeasque
405 1014 518 1064 pices,
544 1024 582 1050 et
601 1014 746 1065 pinguis
766 1014 925 1064 unguine
944 1027 1057 1058 ceras,

185 1078 673 1130 Scillamque‚elleborosque
685 1080 816 1131 gravis,
825 1079 1039 1130 nigrumque
1051 1080 1229 1118 bitumen.

183 1145 270 1183 Non
287 1154 406 1182 tamen
422 1145 494 1183 ulla
510 1147 623 1197 magis
638 1159 804 1196 praesens
820 1145 965 1185 fortuna
980 1146 1144 1183 laborum
1158 1157 1228 1193 est,

183 1212 306 1261 Quam
326 1212 353 1249 si
374 1213 456 1262 quis
476 1211 571 1249 ferro
592 1213 715 1263 potuit
738 1212 940 1249 rescindere
960 1226 1140 1250 summum

182 1277 326 1321 Ulceris
345 1293 385 1316 os
403 1293 412 1317 :
444 1278 552 1315 alitur
571 1279 710 1323 vitium,
731 1279 891 1328 vivitque
911 1281 1072 1330 tegendo
1088 1297 1100 1326 ς

179 1345 286 1383 Dum
305 1346 459 1383 medicas
478 1345 647 1382 adhibere
668 1358 794 1382 manus
814 1345 860 1381 ad
880 1345 1025 1383 vulnera
1049 1358 1175 1397 pastor

133 1404 135 1406 v
178 1412 373 1464 Abnegat,
392 1421 454 1449 aut
474 1411 622 1449 meliora
641 1411 729 1449 deos
749 1411 849 1448 sedet
869 1413 988 1449 omina
1005 1428 1171 1464 poscens.

179 1479 278 1528 Quin
297 1480 420 1522 etiam,
439 1478 509 1515 ima
528 1478 633 1516 dolor
652 1477 838 1514 balantum
859 1477 984 1528 lapsus
1003 1481 1049 1516 ad
1067 1495 1147 1518 ossa

178 1545 306 1594 Quum
326 1544 430 1589 furit,
452 1555 562 1594 atque
582 1553 680 1581 artus
700 1544 908 1594 depascitur
927 1546 1024 1582 arida
1046 1546 1170 1593 febris,

177 1610 324 1648 Profuit
341 1611 506 1648 incensos
525 1620 644 1647 aestus
664 1622 836 1654 avertere,
863 1620 900 1647 et
919 1611 1012 1648 inter

177 1677 257 1714 Ima
276 1675 379 1714 ferire
399 1677 500 1727 pedis
520 1676 708 1714 salientem
728 1677 900 1728 sanguine
919 1691 1042 1714 venam
1059 1693 1070 1716 :
1102 1697 1105 1699 ¹

176 1742 333 1780 Bisaltae
352 1757 426 1793 quo
447 1757 544 1781 more
565 1743 695 1788 solent,
711 1757 863 1793 acerque
884 1743 1063 1789 Gelonus,

175 1811 301 1860 Quum
314 1809 411 1861 fugit
424 1811 459 1847 in
475 1810 694 1862 Rhodopen,
706 1820 815 1860 atque
828 1810 861 1846 in
875 1811 1015 1847 deserta
1029 1812 1221 1858 Getarum,

180 1877 234 1914 Et
253 1876 308 1914 lac
328 1887 538 1915 concretum
553 1891 636 1915 cum
653 1877 825 1929 sanguine
844 1888 949 1927 potat
968 1878 1112 1928 equino.

241 1944 363 1993 Quam
374 1944 503 1994 procul
517 1953 580 1981 aut
597 1943 695 1981 molli
713 1945 904 1982 succedere
917 1945 1058 1994 saepius
1075 1936 1219 1984 umbrae

170 2009 328 2054 Videris,
355 2020 417 2048 aut
436 2024 588 2048 summas
608 2020 816 2061 carpentem
836 2012 998 2062 ignavius
1025 2012 1166 2058 herbas,

174 2075 461 2128 Extremamque
476 2077 591 2128 sequi,
607 2089 670 2115 aut
691 2078 810 2115 medio
830 2079 1068 2128 procumbere
1087 2093 1216 2131 campo

176 2141 405 2190 Pascentem,
431 2154 469 2183 et
489 2158 586 2183 serae
607 2144 719 2184 solam
741 2146 912 2183 decedere
930 2149 1028 2184 nocti
1045 2162 1057 2192 ;
