1493 2605
144 304 176 329 v.
193 287 284 331 657.
472 283 773 328 AENEIDOS
830 288 864 327 1.
1115 291 1193 329 145

193 401 254 438 At
274 399 458 449 Cytherea
477 413 586 437 novas
614 400 712 444 artis,
741 410 832 437 nova
850 407 1000 450 pectore
1019 410 1136 438 versat

139 467 297 507 Consilia
315 483 324 505 :
356 466 410 511 ut,
429 466 557 504 faciem
576 475 737 504 mutatus
756 477 793 504 et
813 477 888 510 ora,
918 467 1068 517 Cupido

139 534 212 572 Pro
230 534 328 571 dulci
350 534 513 571 Ascanio
533 533 663 577 veniat,
691 533 866 584 donisque
895 533 1075 571 furentem

139 600 314 638 Incendat
335 599 508 650 reginam,
537 608 646 649 atque
665 599 804 636 ossibus
824 599 985 649 implicet
1008 600 1129 652 ignem
1148 617 1158 640 ι

138 667 440 717 Quippedomum
453 666 558 703 timet
570 666 776 716 ambiguam
783 666 1189 722 Tyriosquebilinguis;

139 733 226 771 Urit
245 743 348 771 atrox
368 734 478 777 Juno,
497 743 534 770 et
550 732 617 769 sub
637 742 782 769 noctem
799 747 884 770 cura
904 744 1077 774 recursat.

137 799 243 850 Ergo
263 799 316 836 his
335 799 508 851 aligerum
529 799 635 836 dictis
655 798 801 835 adfatur
820 801 1025 839 Amoremz

137 866 248 910 Nate,
274 879 371 903 meae
391 866 493 908 vires,
512 876 590 903 mea
610 874 740 915 magna
758 866 922 914 potentia
939 881 950 911 ;
980 867 1090 911 solus,

137 932 250 976 Nate,
277 932 390 982 patris
409 933 536 970 summi
556 933 617 982 qui
637 932 709 969 tela
727 926 903 982 Typhoia
922 934 1050 970 temnis
1067 949 1078 978 ;

137 999 204 1037 Ad
224 1008 260 1035 te
280 998 468 1050 confugio,
495 1008 532 1035 et
552 998 705 1049 supplex
725 1007 788 1035 tua
808 998 952 1035 numina
978 1013 1105 1049 poscO.

138 1067 265 1104 Frater
284 1076 324 1104 ut
345 1068 490 1103 Aeneas
511 1065 641 1117 pelago
660 1075 746 1102 tuus
766 1066 885 1101 omnia
903 1066 1042 1103 circum

140 1132 287 1170 Littora
302 1135 475 1184 jactetur,
503 1132 594 1169 odiis
613 1132 765 1170 Junonis
784 1131 942 1181 iniquae,
966 1175 970 1178 .

138 1199 239 1237 Nota
258 1199 349 1237 tibi:
379 1209 415 1236 et
436 1209 560 1235 nostro
579 1198 727 1235 doluisti
746 1211 850 1248 saepe
871 1197 1007 1236 dolore.

138 1265 253 1303 Hunc
275 1265 470 1303 Phoenissa
487 1274 588 1302 tenet
608 1265 726 1308 Dido,
754 1264 966 1315 blandisque
998 1275 1160 1304 moratur

136 1333 300 1369 Vocibus
318 1347 328 1370 :
358 1342 394 1369 et
415 1345 554 1375 vereor,
583 1345 657 1381 quo
677 1345 713 1368 se
732 1331 888 1369 Junonia
908 1341 1050 1369 vertant

138 1399 338 1449 Hospitia:
368 1399 465 1446 baud
485 1406 590 1435 tanto
610 1397 765 1434 cessabit
781 1398 924 1435 cardine
944 1413 1076 1438 rerum.

136 1465 318 1516 Quocirca
336 1479 465 1515 capere
483 1473 566 1502 ante
585 1464 690 1508 dolis,
709 1473 747 1501 et
766 1464 911 1515 cingere
931 1465 1088 1509 flamma,

139 1531 319 1583 Reginam
339 1532 494 1569 meditor
511 1547 522 1578 ;
550 1545 594 1570 ne
612 1545 687 1581 quo
715 1543 752 1568 se
771 1531 915 1569 numine
935 1541 1067 1576 mutet,

137 1599 210 1636 Sed
229 1612 362 1650 magno
383 1600 532 1636 Aeneae
552 1612 694 1636 mecum
713 1607 879 1635 teneatur
896 1611 1030 1636 amore.

135 1667 220 1716 Qua
238 1665 356 1703 facere
375 1667 411 1702 id
431 1666 557 1717 possis,
577 1673 736 1702 nostram
752 1678 847 1702 nunc
867 1665 993 1716 accipe
1010 1674 1183 1704 mentem«

136 1733 292 1784 Regius,
317 1733 435 1769 accitu
457 1731 529 1769 cari
548 1731 735 1782 genitoriS,
763 1732 809 1768 ad
829 1731 955 1768 urbem

135 1799 318 1837 Sidoniam
339 1813 429 1849 puer
446 1799 497 1835 ire
517 1808 634 1849 parat,
661 1811 739 1835 mea
752 1797 905 1834 maxima
922 1810 1022 1842 cura,

132 1867 245 1904 Dona
263 1866 392 1910 ferens,
420 1864 551 1916 pelago
569 1873 606 1902 et
625 1864 775 1901 flammis
795 1864 963 1901 restantia
982 1864 1129 1916 Trojae.

133 1932 248 1970 Hunc
267 1946 338 1984 ego
357 1932 516 1982 sopitum
535 1946 673 1975 somno,
702 1945 810 1981 super
835 1930 907 1968 alta
935 1931 1113 1981 Cythera,

131 2000 218 2037 Aut
237 2014 345 2050 super
366 1999 536 2043 Idalium,
565 2007 703 2036 sacrata
723 1998 805 2035 sede
824 1997 1033 2042 recondam,

131 2065 190 2104 Ne
207 2080 278 2116 qua
297 2066 386 2103 scire
406 2065 522 2110 dolos,
550 2065 731 2103 mediusve
758 2078 949 2102 occurrere
967 2064 1081 2115 possit
1098 2078 1108 2102 :

131 2133 193 2171 Tu
213 2132 341 2171 faciem
361 2133 468 2177 illius,
496 2143 641 2170 noctem
661 2147 731 2169 non
751 2131 903 2181 amplius
926 2145 1045 2175 unam,

134 2198 232 2237 falle
250 2200 350 2244 dolo,
376 2210 415 2238 et
435 2209 541 2239 notos
561 2200 663 2250 pueri
682 2214 772 2250 puer
789 2199 896 2237 indue
921 2198 1041 2237 vultus
1058 2213 1076 2244 3-
