1493 2605
279 331 356 371 170
532 327 543 332 “
583 328 886 368 AENEIDOS
945 329 1002 367 11.
1183 331 1323 368 v.635.

275 441 537 491 Antiquusque
557 441 710 487 domos;
739 440 897 492 genitor,
917 455 1024 491 quem
1039 440 1166 478 tollere
1182 440 1216 477 in
1233 440 1327 480 altos

277 509 463 558 Optabam
485 509 640 558 primum
662 508 808 551 montis,
829 508 1055 558 primumque
1076 509 1258 559 petebam,

276 575 457 626 Abnegat
477 575 595 612 excisa
618 574 725 612 vitam
747 574 947 624 producere
966 575 1095 626 Troja,

277 641 529 691 Exsiliumque
550 642 638 691 pati.
695 641 775 678 Vos
793 655 815 678 o
834 644 842 679 !
875 641 1009 691 quibus
1027 641 1168 693 integer
1185 641 1261 679 aevi

279 709 449 761 Sanguis,
469 708 533 752 ait,
553 708 760 760 solidaeque
778 722 844 746 suo
863 718 959 746 stant
979 698 1109 747 robore
1129 709 1244 754 vires;

277 776 357 813 Vos
377 775 514 826 agitate
534 774 674 826 fugam.

276 842 343 881 Me
364 843 391 878 si
411 842 604 881 coelicolae
625 842 818 880 voluissent
838 843 971 880 ducere
991 843 1114 887 vitam,

277 909 362 948 Has
382 910 469 947 mihi
489 920 685 947 servassent
706 910 820 947 sedes.
863 910 957 948 Satis
977 924 1059 954 una,
1080 924 1275 962 superque¹

276 977 447 1015 Vidimus
465 977 620 1019 excidia,
640 986 676 1013 et
696 986 824 1025 captae
845 978 1089 1026 superavimus
1110 978 1202 1016 urbi.

279 1044 341 1082 Sic
362 1058 384 1079 0
404 1046 412 1081 Ξ
446 1043 495 1081 sic
516 1043 676 1093 positum
696 1042 796 1080 affati
816 1043 990 1080 discedite
1008 1058 1154 1094 corpus.

279 1111 365 1161 Ipse
385 1123 491 1148 manu
512 1119 667 1147 mortem
688 1109 876 1147 inveniam.
909 1110 1145 1148 Miserebitur
1164 1111 1291 1157 hostis,

279 1177 514 1230 Exuviasque
535 1170 649 1226 petet.
709 1176 840 1214 Facilis
853 1179 996 1228 jactura
1016 1177 1184 1228 sepulcri.

276 1246 357 1284 Jam
378 1245 516 1295 pridem
536 1244 669 1282 invisus
688 1244 790 1287 divis,
809 1253 845 1281 et
866 1243 1014 1288 inutilis,
1033 1234 1144 1282 annos

277 1312 485 1355 Dem0r0r;
507 1325 548 1347 ex
567 1325 640 1360 quo
661 1324 716 1348 me
736 1310 855 1347 divom
878 1319 992 1362 pater,
1014 1320 1124 1362 atque
1144 1311 1330 1353 hominum

280 1379 458 1418 Fulminis
476 1378 621 1415 adflavit
642 1377 768 1421 ventis,
783 1386 820 1414 et
840 1377 997 1428 contigit
1016 1377 1104 1428 igni.
1231 1382 1331 1430 [rex,

279 1446 387 1486 Talia
407 1446 590 1496 perstabat
612 1457 823 1487 memorans,
845 1444 1011 1495 fixusque
1027 1445 1193 1483 manebat
1212 1461 1221 1484 ε

279 1514 360 1553 Nos
380 1521 521 1555 contra,
542 1510 645 1548 effusi
674 1510 843 1553 lacrimis,
873 1512 1104 1562 conjunxque
1124 1512 1276 1558 Creusa,

277 1580 551 1628 Ascaniusque,
570 1577 758 1627 omnisque
779 1578 920 1623 domus,
942 1592 985 1614 ne
1001 1569 1141 1619 ‘vertere
1161 1592 1283 1617 secum

281 1648 428 1686 Cuncta
448 1654 564 1695 pater,
585 1644 736 1695 fatoque
756 1645 927 1696 urguenti
946 1644 1169 1690 incumbere,
1194 1646 1315 1684 vellet.

277 1716 480 1766 Abnegat;
499 1715 719 1762 inceptoque
743 1722 779 1749 et
801 1712 945 1749 sedibus
963 1712 1088 1750 haeret
1107 1712 1141 1749 in
1163 1714 1289 1750 isdem.

283 1782 426 1821 Rursus
446 1781 480 1816 in
500 1793 596 1816 arma
613 1779 722 1824 feror,
743 1788 969 1830 mortemque
982 1779 1198 1816 miserrimus
1210 1789 1302 1830 opto
1318 1796 1330 1819 ε

279 1848 375 1887 Nam
390 1847 491 1897 quod
503 1846 708 1890 consilium,
723 1855 786 1884 aut
799 1848 973 1898 quaejam
989 1846 1136 1884 fortuna
1151 1847 1304 1887 dabatur
1319 1849 1334 1888 ἶ

279 1915 392 1955 Mene
411 1914 538 1952 efferre
558 1914 701 1964 pedem,
722 1914 881 1964 genitor,
901 1923 938 1952 te
959 1928 1064 1964 posse
1084 1913 1211 1953 relicto

281 1981 443 2032 Sperasti
461 1982 473 2018 ?
501 1990 717 2030 tantumque
737 1979 835 2017 nefas
855 1980 975 2030 patrio
995 1980 1131 2018 excidit
1150 1982 1240 2019 ore?

282 2048 321 2086 Si
342 2046 430 2084 nihil
450 2061 495 2084 ex
515 2055 619 2083 tanta
640 2046 788 2096 Superis
808 2045 928 2095 placet
948 2046 1036 2083 urbe
1060 2046 1225 2096 relinqui,

281 2115 336 2153 Et
356 2115 458 2152 sedet
478 2114 548 2150 hoc
569 2112 702 2156 animo,
731 2111 983 2162 perituraeque
1003 2112 1134 2150 addere
1154 2112 1290 2165 Trojae

279 2183 412 2232 Teque
433 2190 590 2231 tuosque
604 2181 708 2231 juvat
724 2196 734 2225 ;
769 2188 869 2229 patet
888 2179 948 2217 isti
961 2181 1070 2231 janua
1089 2179 1164 2217 leto
1182 2195 1192 2219 :

286 2250 435 2300 Jamque
454 2248 570 2291 aderit
589 2246 706 2292 multo
729 2246 862 2285 Priami
883 2247 927 2285 de
943 2246 1116 2299 sanguine
1137 2247 1319 2298 Pyrrhus,
