1493 2605
167 294 200 331 w
218 297 310 332 411.·
463 290 810 339 GEQRGICON
865 290 938 329 IV,
1138 282 1213 329 113'

165 403 252 448 Sed,
281 412 418 453 quanto
437 402 495 441 ille
515 404 630 455 magis
653 403 786 441 formas
806 416 842 439 se
862 408 978 438 vertet
998 398 1034 437 in
1053 399 1180 444 omnis,

162 469 301 513 Tanto,
321 473 415 513 nate,
435 470 549 521 magis
568 470 747 507 contende
767 468 905 506 tenacia
923 466 1039 504 vincla
1052 482 1069 512 ς

161 535 295 574 Donec
317 535 396 572 talis
414 536 482 573 erit
502 544 645 573 mutato
665 549 831 585 corpore,
854 533 997 584 qualem

160 601 319 645 Videris,
348 601 495 651 incepto
515 611 657 653 tegeret
677 614 789 651 quum
808 600 942 637 lumina
961 612 1099 637 somno.

213 667 322 704 Haec
333 667 396 711 ait,
408 676 446 705 et
458 667 633 717 liquidum
646 667 843 704 ambrosiae
858 665 1029 703 diffundit
1042 666 1208 712 odorem,

160 735 247 783 Quo
267 742 388 770 totum
407 734 482 770 nati
501 746 634 783 corpus
654 732 823 784 perduxit
841 747 852 771 z
882 740 920 770 at
939 732 991 769 illi

158 799 291 837 Dulcis
309 799 519 849 compositis
539 799 687 849 spiravit
707 799 864 836 crinibus
883 812 981 845 aura,

157 866 290 916 Atque
301 866 429 903 habilis
440 865 605 902 membris
616 864 711 902 venit
723 864 837 916 vigor.
857 865 927 902 Est
939 877 1066 916 specus
1076 864 1203 916 ingens

160 931 272 969 Exesi
290 931 399 968 latere
417 931 452 968 in
472 930 617 975 montis,
645 945 720 980 quo
739 930 892 981 plurima
910 940 1017 968 vento

157 998 316 1048 Cogitur
334 998 442 1047 inque
458 997 554 1034 sinus
573 997 703 1034 scindit
723 1011 797 1035 sese
816 998 912 1035 unda
933 998 1129 1043 reductos;

157 1064 357 1114 Deprensis
377 1064 463 1101 olim
483 1063 592 1101 statio
612 1063 790 1100 tutissima
809 1063 954 1103 nautis:

157 1131 263 1167 Intus
283 1144 319 1167 se
339 1130 429 1167 vasti
449 1130 603 1167 Proteus
622 1131 718 1181 tegit
737 1129 853 1181 objice
873 1130 961 1168 saxi.

157 1195 236 1233 Hic
249 1199 417 1248 juvenem
435 1196 469 1232 in
489 1195 646 1241 latebris,
665 1210 827 1234 aversum
841 1196 1020 1242 alumine,
1040 1196 1200 1247 nympha

156 1263 349 1308 Collocat;
377 1263 455 1313 ipsa
475 1262 617 1312 procul,
637 1262 777 1300 nebulis
796 1264 962 1308 obscura,
980 1263 1127 1302 resistit.

155 1332 235 1369 Jarn
254 1330 399 1381 rapidus
417 1340 557 1367 torrens
576 1330 729 1367 sitientis
751 1330 865 1368 Sirius
885 1331 996 1369 Indos

154 1397 326 1435 Ardebat
343 1396 458 1441 coelo,
481 1406 519 1434 et
539 1397 700 1434 medium*
718 1397 782 1435 Sol
802 1397 928 1449 igneus
948 1398 1073 1435 orbem

154 1463 339 1501 Hauserat
357 1479 367 1508 ;
395 1463 543 1500 arebant
561 1463 705 1509 herbae,
727 1472 764 1501 et
783 1477 869 1501 cava
889 1464 1034 1501 flumina
1054 1464 1158 1502 siccis

154 1530 338 1567 Faucibus
357 1530 403 1566 ad
424 1529 549 1566 limum
568 1529 655 1566 radii
675 1529 856 1579 tepefacta
875 1532 1105 1581 coquebant:

153 1597 280 1645 Quum
301 1596 470 1639 Proteus,
489 1604 661 1632 consueta
684 1604 807 1647 petens
826 1611 845 1633 e
865 1596 1037 1635 fluctibus
1055 1608 1176 1643 antraf

153 1663 263 1700 Ibat:
293 1676 376 1700 eum
394 1661 484 1698 vasti
504 1661 638 1698 circum
658 1676 747 1712 gens
766 1663 914 1701 humida
933 1664 1039 1714 ponti

152 1728 351 1767 Exsultans
371 1741 486 1766 rorem
504 1727 576 1764 late
596 1728 763 1778 dispersit
781 1743 952 1768 amarum.

152 1795 328 1832 Sternunt
345 1808 382 1832 se
400 1808 525 1832 somno
544 1794 699 1832 diversae
718 1795 753 1831 in
773 1795 896 1833 littore
914 1797 1055 1847 phocae
1070 1812 1086 1835 ε

150 1862 248 1912 Ipse,
268 1861 367 1899 velut
387 1861 519 1898 stabuli
538 1871 661 1898 custos
681 1861 716 1899 in
736 1862 919 1899 montibus
939 1862 1039 1907 olim,

148 1929 289 1978 Vesper
303 1927 365 1965 ubi
384 1942 403 1964 e
423 1937 530 1978 pastu
545 1927 676 1965 vitulos
695 1929 742 1965 ad
759 1938 858 1966 tecta
877 1928 1033 1973 reducit,

147 1994 373 2044 Auditisque
393 1993 498 2044 lupos
517 2003 651 2031 acuunt
669 1993 847 2032 balatibus
867 1995 966 2046 agni,

147 2059 313 2097 Considit
332 2059 482 2110 scopulo
502 2060 652 2105 medius,
681 2075 939 2111 numerumque
961 2071 1140 2101 recensetf*

146 2125 260 2177 Cujus
279 2126 453 2180 Aristaeo
473 2127 641 2177 quoniam
660 2137 714 2165 est
733 2128 855 2165 oblata
873 2126 1025 2164 facultas
1042 2143 1053 2172 ς

113 2213 116 2215 Δ
145 2189 220 2230 Vix
241 2191 378 2230 defessa
397 2207 517 2233 senem
535 2208 659 2246 passus
679 2209 896 2247 componere
915 2195 1094 2241 membr-af

202 2257 319 2296 Tom.
350 2260 384 2297 I.
688 2261 719 2299 P
