1529 2693
281 362 334 402 xii
430 417 438 426 β
635 362 979 402 PRAEFATIO

339 474 632 525 Interpunctioni
667 489 816 526 quoque
849 476 1064 528 diligentem
1095 476 1336 528 impendimus

283 556 446 593 operam,
478 542 571 579 unde
593 542 783 593 permultis
803 542 892 580 locis
914 557 983 580 non
1005 543 1094 580 nihil
1113 543 1204 582 lucis
1223 558 1265 582 ac
1280 559 1337 582 ve-

287 612 442 648 nustatis
462 623 690 648 accessurum
707 623 904 659 speramus.
935 612 1040 660 Quae
1060 625 1114 648 res
1134 611 1210 648 sola
1224 625 1338 662 quan-

285 686 363 716 tum
384 679 548 716 conferat
568 677 613 713 ad
643 677 857 714 sententiam
878 678 1036 715 auctoris
1063 677 1337 723 enucleandam,

283 754 322 782 et
342 755 466 794 aperte
485 759 526 782 ac
547 744 706 782 dilucide
725 744 990 794 explicandam,
1011 745 1045 782 in
1066 744 1150 783 loco
1170 759 1258 790 uno,
1273 753 1337 782 aut

283 812 412 855 altero,
441 810 616 862 exemplis
637 821 837 849 monstrare
857 811 976 850 liceat.

339 881 382 917 In
406 879 678 931 Georgicorum
699 879 831 928 primO,
854 879 914 916 ubi
929 879 974 916 de
995 879 1213 918 medicandis
1232 878 1336 931 legu-

282 947 419 985 minum
440 946 634 985 seminibus
655 948 793 998 agitur,
822 956 907 985 sunt
927 947 965 984 hi
986 961 1133 986 versus:

337 1053 482 1091 Semina
503 1052 573 1089 vidi
589 1052 756 1103 equidem
776 1052 912 1088 multos
932 1051 1112 1089 medicare
1132 1060 1305 1097 serentes,

337 1120 391 1158 Et
412 1119 508 1156 nitro
530 1119 630 1169 prius
649 1128 684 1156 et
708 1119 812 1170 nigra
831 1118 1050 1169 perfundere
1070 1132 1242 1164 amurca;

336 1186 525 1225 Grandior
545 1195 585 1222 ut
601 1185 698 1223 fetus
719 1186 857 1236 siliquis
878 1185 1070 1223 fallacibus
1090 1195 1184 1223 esset
1202 1200 1213 1223 :

332 1253 401 1296 Et,
430 1252 593 1302 quamvis
613 1252 690 1303 igni
709 1253 845 1304 exiguo
862 1261 1059 1303 properata
1078 1252 1281 1297 maderent,

332 1319 426 1357 Vidi
445 1317 554 1362 lecta,
584 1318 647 1356 diu
667 1328 705 1356 et
726 1319 842 1357 multo
863 1329 1030 1370 spectata
1048 1319 1188 1364 labore,

337 1385 576 1436 Degenerare
597 1395 732 1430 tamen,
761 1386 796 1423 ni
817 1387 868 1424 vis
884 1387 1041 1424 humana
1060 1386 1257 1438 quotannis

335 1451 503 1491 Maxima
523 1466 690 1503 quaeque
711 1466 819 1491 manu
839 1450 991 1505 legeret.
1187 1468 1221 1491 v-
1247 1456 1334 1493 193.

335 1561 422 1599 Hos
441 1573 561 1597 versus
576 1559 627 1597 ita
647 1559 898 1610 interpunctos
918 1561 1070 1598 exhibet
1090 1561 1204 1599 editio
1225 1561 1336 1612 Hey-

281 1628 342 1673 nii,
358 1628 420 1678 qui
440 1628 484 1664 de
504 1641 607 1664 versu
634 1630 716 1666 196.
737 1628 825 1665 haec
845 1637 1114 1666 commentatus
1133 1636 1214 1666 est:
1240 1635 1271 1665 ,“
1290 1627 1335 1665 In

282 1703 308 1722 ‘⁸
329 1708 423 1745 aqua
441 1695 488 1732 ad
508 1695 630 1745 ignem
651 1695 837 1732 modicum
857 1695 981 1745 coqui,
1007 1694 1078 1732 hoc
1098 1702 1168 1739 est,
1187 1694 1338 1732 humec-

281 1770 306 1790 “
327 1762 395 1800 tari
415 1772 452 1799 et
472 1761 616 1806 molliri,
645 1775 666 1798 a
687 1760 867 1799 nonnullis
886 1761 987 1798 fabas
1007 1760 1189 1805 serendas,
1217 1760 1280 1806 ait,
1293 1769 1336 1798 ut

281 1837 307 1857 “
327 1844 370 1867 co
404 1828 511 1867 citius
542 1828 860 1879 progerminent.’'
906 1828 1040 1878 Neque
1071 1827 1178 1865 aliter
1208 1827 1335 1873 ceteri,

281 1911 372 1948 quos
392 1896 540 1946 quidem
565 1895 731 1939 viderim,
759 1895 929 1933 editores.
987 1897 1075 1945 Quo
1092 1903 1214 1932 tamen
1234 1909 1335 1932 com-

278 1972 401 2001 mento
422 1961 510 1999 nihil
530 1962 644 2014 magis
663 1962 861 1999 absurdum
881 1971 919 1999 et
946 1961 1140 1999 ridiculum
1170 1961 1243 1999 dici
1271 1971 1335 1999 aut

282 2030 371 2083 fingi
392 2037 528 2081 potest.
587 2029 676 2081 Ego
695 2029 789 2066 enim
810 2028 987 2080 spondere
1007 2028 1134 2074 ausim,
1149 2037 1187 2066 et
1207 2029 1335 2080 quovis

302 2186 320 2199 “
345 2193 408 2224 qua
424 2182 509 2214 ultra
525 2194 615 2216 senos
628 2184 777 2216 versiculi
794 2183 890 2226 pedes
906 2183 1058 2221 excurrit,
1073 2181 1201 2224 penitus
1215 2181 1313 2214 οιτιίῑὁ

300 2241 321 2258 ‘⁴
346 2247 425 2271 tant.
473 2242 600 2273 Etvero
613 2242 759 2274 omnium
772 2241 922 2274 facillime
935 2240 1084 2282 intercipi
1094 2239 1226 2278 solebat,
1237 2239 1313 2281 quia

301 2299 322 2316 ‘⁶
343 2307 409 2329 non
437 2298 547 2338 litem,
574 2299 629 2332 scd
657 2299 784 2343 punctis
812 2298 981 2337 duntaxat,
1003 2298 1081 2330 olim
1107 2295 1312 2330 notabatur.'’

705 2359 845 2392 ΒεΝτι..
869 2357 910 2390 ad
927 2357 1045 2390 Horat.
1061 2357 1126 2389 Sat.
1143 2365 1183 2388 n.
1208 2364 1239 2396 3.
1256 2352 1310 2392 86,
