1493 2605
162 330 194 363 ‘n
219 326 302 364 187.
475 320 775 384 AENEIDOS
832 320 905 358 IV.
1136 316 1216 358 209

161 435 342 472 Turribus
361 442 423 472 aut
444 433 539 476 altis,
569 442 607 470 et
628 446 778 484 magnas
798 432 942 469 territat
964 430 1059 468 urbis
1073 445 1090 476 ;-

160 501 256 537 Tam
277 501 353 537 ficti
373 500 548 550 pravique
570 510 691 543 tenax,
720 512 829 548 quam
850 498 975 535 nuntia
994 497 1080 534 veri.

160 566 268 603 Haec
289 576 367 603 tum
388 566 582 614 multiplici
602 565 760 615 populos
782 578 941 602 sermone
961 563 1123 614 replebat

161 633 349 676 Gaudens‚
369 642 406 669 et
426 633 562 681 pariter
580 631 677 668 facta
695 640 804 681 atque
824 631 957 668 infecta
975 630 1150 668 canebat:

158 699 311 735 Venisse
331 700 500 742 Aenean,
530 698 692 748 Trojano
713 711 734 734 a
753 698 926 749 sanguine
949 705 1103 740 cretum,

158 764 229 801 Cui
250 778 286 801 se
307 764 460 813 pulchra
479 764 554 800 viro
588 764 759 815 dignetur
774 766 925 815 jungere
944 760 1047 800 Dido
1063 777 1074 806 ;

158 831 268 867 Nunc
291 831 443 868 hiemem
464 831 556 867 inter
586 844 622 867 se
641 830 744 874 luxu,
766 843 874 879 quam
892 829 1018 879 longa,
1045 827 1184 871 fovere,-

159 897 372 947 Regnorum
393 898 630 940 immemores,
657 896 829 947 turpique
849 895 1016 946 cupidine
1036 903 1176 942 captos.

160 963 268 1000 Haec
290 964 421 1013 passim
443 964 508 1000 dea
527 963 634 1000 foeda
647 964 761 1001 virum
780 961 950 999 diffundit
969 961 1004 997 in
1024 973 1100 997 ora.

155 1031 336 1067 Protenus
356 1032 402 1068 ad
422 1045 543 1082 regem
562 1044 687 1067 cursus
706 1030 901 1080 detorquet
921 1029 1066 1073 Iarban,

158 1096 402 1146 Incenditque
421 1098 578 1134 animum
599 1098 719 1141 dictis,
739 1106 849 1146 atque
869 1104 1019 1147 aggerat
1040 1095 1120 1132 iras.

205 1163 298 1207 Hic,
320 1164 530 1200 Hammone
549 1174 664 1207 satus,
681 1173 786 1213 rapta
807 1162 1069 1202 Garamantide
1098 1176 1206 1212 nyma

155 1229 314 1280 Templa
331 1230 414 1267 Jovi
433 1240 580 1268 centum
600 1230 681 1266 latis
699 1230 866 1266 immania
885 1229 1018 1281 regnis,
1092 1228 1205 1278 [pha‚1

152 1297 312 1333 Centum
331 1310 421 1341 araS,
442 1297 564 1346 posuit
580 1313 590 1341 ;
612 1296 828 1347 vigilemque
848 1304 1045 1333 sacraverat
1062 1295 1203 1345 ignem,-

151 1363 337 1399 E-xcubias
358 1363 478 1399 divom
498 1372 682 1407 aeternas;
714 1363 967 1412 pecudumque
987 1375 1114 1399 cruore

148 1428 289 1480 Pingue
311 1428 439 1471 solum,
459 1438 494 1465 et
517 1429 618 1465 variis
638 1429 802 1465 florentia
821 1428 942 1464 limina
961 1428 1079 1465 sertis:

149 1494 272 1544 Isque,
292 1508 410 1531 amens
429 1495 548 1538 animi,
568 1503 604 1530 et
624 1508 768 1531 rumore
787 1508 956 1531 accensus
974 1508 1115 1539 amaro,-

147 1561 312 1605 Dicitur,
340 1571 423 1597 ante
443 1574 533 1603 aras,
562 1560 676 1596 media
695 1561 789 1597 inter
808 1561 951 1598 numina
970 1562 1104 1606 divom,

145 1626 270 1663 Multa
288 1627 414 1663 Jovem
433 1627 596 1662 manibus
616 1626 766 1676 supplex
788 1640 906 1664 orasse
926 1628 1086 1677 supinis:

144 1692 289 1742 Jupiter
307 1692 551 1741 omnipotens,
580 1690 639 1728 eui
660 1706 753 1729 nunc
772 1692 957 1730 Maurusia
977 1694 1085 1743 pictis

146 1759 248 1795 Gens
267 1758 413 1808 epulata
432 1759 521 1795 toris
543 1759 728 1796 Lenaeum
748 1758 836 1796 libat
858 1760 1045 1804 honorem,

143 1824 321 1874 Adspicis
334 1825 444 1862 haec?
459 1839 501 1861 an
517 1827 731 1877 te,genit0r‚
740 1840 852 1876 quum
865 1826 1013 1863 fulmina
1025 1837 1196 1879 torques,-

143 1892 403 1942 Nequidquam
419 1892 617 1935 horremus,
638 1894 806 1942 caecique
826 1896 860 1929 in
882 1894 1038 1931 nubibus
1057 1895 1160 1946 ignes

142 1958 364 1995 Terrificant
384 1959 533 2003 animos,
553 1969 591 1996 et
609 1959 725 1995 inania
744 1973 926 1996 murmura
946 1961 1118 2000 miscent?

144 2025 304 2069 Femina,
325 2039 416 2075 quae
437 2027 568 2062 nostris
586 2040 705 2062 errans
724 2026 759 2062 in
780 2025 910 2063 finibus
930 2028 1057 2065 urbem

143 2092 332 2142 Exiguam
350 2092 468 2142 pretio
488 2092 610 2142 posuit
628 2108 638 2137 ;
668 2094 726 2129 cui
746 2093 848 2130 littus
868 2094 1054 2138 arandum,

142 2157 284 2207 Cuique
302 2157 373 2194 loci
392 2158 490 2209 leges
511 2158 673 2195 dedimus
691 2175 700 2205 ;
730 2160 911 2196 connubia
929 2169 1050 2197 nostra

144 2223 311 2272 Repulit,
337 2237 379 2262 ac
400 2225 585 2263 dominum
604 2226 759 2264 Aenean
778 2227 814 2264 in
834 2240 945 2278 regna
963 2227 1122 2278 recepit,-

193 2290 308 2328 Ῥοιὼ
341 2291 372 2328 Ι.
644 2293 684 2330 D
714 2293 739 2330 d
