1529 2693
248 321 293 357 16
604 317 912 359 BUCOLICA.
1173 337 1206 359 v.
1228 322 1292 363 59.

243 431 317 469 Pan
336 414 441 468 etism
462 431 621 469 Arcadia
641 432 739 468 dieat
760 444 795 468 se
811 431 933 482 judice
952 431 1100 469 victum.

296 498 431 548 Incipe,
453 512 558 548 parve
579 511 680 548 puer,
699 497 770 534 risu
791 511 1011 548 cognoscere
1032 507 1180 536 matrem
1198 514 1208 538 :

237 563 354 603 Matri
375 565 482 615 longa
501 565 624 601 decenn
646 563 805 600 tulerunt
830 563 972 600 fastidia
991 577 1142 601 menses.

240 630 378 680 Incipe,
399 644 505 680 parve
526 644 613 681 puer
630 645 638 667 ς
670 629 728 666 cui
748 643 817 666 non
838 630 945 667 risere
964 639 1143 679 parenteS,

240 696 319 734 Nec
339 697 426 733 deus
445 697 539 734 hunc
559 709 692 740 mensa,
711 696 778 733 dea
798 710 862 734 nec
882 696 1032 748 dignata
1051 695 1162 734 cubili
1179 705 1247 734 est.

586 911 828 951 ECLOGA
884 911 934 949 V.

393 1044 1122 1106 DAPHNIS.

537 1185 775 1211 MENALCAS.
810 1187 985 1211 Mopsus.

657 1283 854 1322 Menalcas.

229 1366 321 1404 Cun
344 1378 427 1408 non,
448 1363 594 1413 Mopse,
622 1363 707 1400 boni
727 1363 895 1412 quoniam
915 1363 1145 1402 convenimus
1164 1365 1284 1410 ambo,

228 1433 290 1470 Tu
311 1431 465 1468 calamos
483 1430 606 1466 inflare
624 1429 722 1473 levis,
742 1443 812 1480 ego
832 1429 950 1466 dicere
970 1444 1106 1475 versus,

229 1498 308 1536 Hic
328 1496 458 1534 corulis
478 1496 607 1533 mixtas
627 1496 720 1533 inter
739 1495 956 1533 considimus
977 1495 1092 1533 ulmos
1111 1497 1125 1534 ?

663 1563 831 1614 Mopsus.

226 1629 290 1666 Tu
310 1632 445 1681 major;
474 1629 540 1666 tibi
561 1643 617 1665 me
636 1637 690 1665 est
711 1642 865 1678 aequum
886 1642 1023 1678 parere,
1044 1628 1238 1674 Menalca;

228 1695 310 1732 Sive
331 1695 396 1731 sub
417 1695 569 1732 incertas
589 1694 774 1744 Zephyris
794 1695 1021 1732 mutantibus
1041 1695 1200 1738 umbras,

227 1762 309 1799 Sive
328 1770 432 1798 antro
451 1761 574 1811 potius
594 1760 845 1798 succedimus:
876 1760 1035 1809 adspice,
1056 1771 1097 1799 ut
1116 1770 1262 1798 antrum

226 1827 406 1866 silvestris
425 1827 510 1863 raris
529 1827 655 1877 sparsit
675 1826 840 1864 labrusca
858 1826 1019 1863 racemis.

641 1893 840 1932 Menalcas.

225 1960 418 1999 Montibus
438 1961 472 1997 in
493 1960 623 1997 nostris
642 1960 738 1997 solus
756 1959 823 1996 tibi
842 1968 958 1996 certet
976 1961 1177 2010 Amyntas,

649 2028 815 2078 Mopsus.

225 2095 340 2144 Quid,
361 2094 387 2131 si
408 2094 501 2131 idem
521 2102 637 2131 certet
657 2093 848 2131 Phoebum
865 2106 1030 2143 superare
1050 2092 1238 2131 canendo?

653 2160 849 2198 Menalcas.

225 2227 364 2276 Incipe,
394 2226 539 2277 Mopse,
560 2226 687 2278 prior3
718 2227 745 2265 si
764 2241 856 2279 quos
875 2235 936 2265 aut
959 2225 1139 2276 Phyllidis
1158 2225 1275 2277 ignes-r
1300 2251 1302 2253 >
