1529 2693
461 269 692 309 PRIORIS
725 268 1047 307 EDITIONIS.
1227 283 1275 307 xv

273 381 394 420 Ludis
407 381 633 425 funebribus,
646 381 681 417 in
698 380 885 418 Anchisae
901 381 1076 417 honorem
1090 378 1277 426 institutis,

232 448 366 494 Dare8‚
393 449 439 484 ad
459 456 638 484 certamen
661 447 884 496 proditurus,
915 447 964 483 sic
986 445 1230 483 describitur:

232 569 437 580 ...............
442 540 630 579 Continuo
650 539 758 576 vastis
779 553 860 576 cum
883 539 1019 576 viribus
1039 538 1144 576 (ffert

233 609 311 645 Ora
331 608 464 650 Dares,
494 622 700 658 magnoque
721 608 834 644 virum
855 621 890 643 se
911 620 1092 643 murmure
1112 604 1238 643 tollit:

232 674 340 710 Solus
359 674 421 724 qui
445 674 610 711 Paridem
632 673 759 710 solitus
779 674 997 710 contendere
1017 682 1170 717 contra;

231 740 472 790 Ideniq11e‚ad
489 739 668 777 tumulum
678 754 751 790 quo
760 740 1100 776 maximusoccubat
1118 739 1280 790 Hector,

231 807 423 843 Victorem
446 807 581 851 Buten,
611 807 756 843 immani
777 821 945 856 corpore,
974 805 1036 855 qui
1057 819 1093 843 se

232 873 413 924 Bebrycia
433 874 575 910 veniens
595 874 737 924 Amyci
758 873 802 910 de
823 882 932 925 gente
952 872 1106 917 ferebat,

232 940 410 986 Perculit,
438 949 475 977 et
496 940 596 978 fulva
617 940 873 978 moribundum
892 941 1056 977 extendit
1077 953 1194 978 arena.

780 1008 894 1044 Aen.
926 1021 962 1045 v.
995 1010 1072 1045 :568
1087 1017 1125 1044 ct
1147 1021 1249 1058 seqq.

231 1100 299 1137 Ad
319 1114 351 1135 v.
385 1100 472 1140 373.
510 1099 695 1149 Hcynius,
716 1100 964 1137 Burmannum
995 1108 1154 1146 secutus,
1190 1100 1279 1137 haee

229 1167 441 1204 annotavit:
474 1173 499 1191 ‘⁸
531 1166 645 1202 Butes
664 1180 708 1202 ex
744 1166 938 1215 Bebrycia,
968 1181 1059 1216 quae
1091 1177 1169 1204 crat
1196 1183 1280 1217 gens

232 1242 258 1260 “
278 1236 418 1286 Amyci,
446 1233 483 1269 id
502 1242 571 1278 est,
589 1234 650 1270 sub
670 1248 770 1282 regno
789 1234 928 1286 Amyci,
950 1243 1094 1271 venerat
1114 1234 1279 1286 Trojam.

232 1307 257 1327 “
279 1301 427 1339 Ferebat
455 1316 500 1344 se,
534 1300 738 1343 incedebat,
781 1300 992 1338 veniebat.’'
1041 1301 1157 1342 Butes
1190 1315 1280 1351 ergo

232 1368 411 1411 veniebat,
442 1366 585 1404 veniens
605 1366 649 1403 de
672 1366 865 1416 Bebrycia,
895 1380 987 1417 quae
1007 1377 1083 1404 erat
1103 1383 1192 1419 gens
1213 1369 1279 1406 sub

231 1449 344 1485 regno
360 1433 527 1484 Amyci!
562 1433 636 1470 Vix
665 1433 878 1470 crediderim
909 1434 1099 1485 Heynium
1119 1444 1157 1472 et
1190 1436 1282 1472 Bur-

231 1515 399 1538 mannum
419 1509 548 1551 poetae
583 1514 722 1537 sensum
743 1500 803 1536 hic
834 1499 890 1537 vel
920 1500 1140 1551 primoribus
1172 1501 1280 1539 labris

232 1568 410 1618 attigisse.
467 1568 554 1605 Jure
574 1566 681 1603 etiam
711 1567 880 1604 dubitare
898 1566 986 1604 licet
1014 1581 1058 1604 an
1088 1569 1280 1620 Virgilius,

234 1634 466 1684 Bebryciam,
486 1647 579 1684 quae
593 1635 686 1684 regio
705 1643 796 1678 erat,
811 1644 939 1684 gentem
961 1634 1101 1685 Amyci
1117 1645 1214 1673 recte
1230 1636 1283 1672 di-

233 1714 313 1737 cere
332 1699 507 1750 potuerit,
537 1699 605 1737 etsi
628 1701 673 1737 C.
697 1700 825 1750 Nepos
846 1700 896 1737 ita
923 1700 1069 1738 locutus
1089 1715 1164 1739 csse
1184 1702 1282 1739 vidc-

233 1776 326 1805 atur.
393 1768 500 1805 Haec
535 1767 677 1804 videtur
710 1781 787 1804 esse
816 1767 947 1804 horum
980 1768 1170 1804 verborum
1195 1783 1283 1813 con-

233 1833 401 1877 structio,
430 1833 518 1871 haec
539 1834 738 1871 sententia:
773 1834 893 1871 Buten
915 1833 1084 1884 perculit,
1105 1834 1181 1884 qui,
1212 1835 1282 1872 Ee-

231 1900 359 1951 brycia
380 1900 535 1945 veniens,
564 1900 704 1938 ferebat
735 1915 770 1938 se
800 1915 876 1938 esse
905 1901 950 1937 de
980 1909 1091 1952 gente
1124 1901 1279 1952 Amyci.

235 1968 350 2006 Butes
370 1981 511 2017 nempe,
541 1968 711 2018 quoniam
731 1982 775 2005 ex
805 1967 987 2018 Bebrycia
1006 1977 1162 2012 venerat,
1191 1967 1283 2005 refe-

234 2035 337 2071 rebat
357 2048 393 2071 se
412 2047 488 2071 esse
508 2034 553 2071 de
573 2042 697 2085 gente,
726 2034 796 2071 sive
817 2034 861 2071 de
880 2048 1024 2085 genere,
1045 2034 1198 2084 Amyci,
1212 2049 1282 2085 pu-

255 2161 304 2189 το,
320 2152 406 2193 quod
422 2151 609 2182 omnimodo
627 2151 740 2183 falsum
757 2159 815 2189 est,
839 2152 936 2183 tacite
963 2152 1199 2194 quodammodo
1227 2161 1259 2185 et

256 2208 421 2251 implicite,
432 2217 463 2240 et
475 2210 563 2251 quasi
579 2209 752 2248 innuendo,
764 2210 948 2241 insinuavit.
995 2210 1078 2241 Vide
1087 2210 1224 2244 fascicul,
1239 2211 1259 2243 ἰ.

255 2275 289 2308 p.
306 2274 356 2307 75.
373 2266 460 2307 libri,
476 2268 527 2299 cui
543 2267 655 2302 titulus
673 2274 717 2301 est
739 2267 801 2300 ‘The
819 2269 984 2312 Qartcrly
996 2269 1131 2300 Review.
