1493 2605
162 293 196 317 v.
215 280 304 318 321.
492 275 793 316 AENEIDOS
852 275 884 314 1.
1136 278 1209 316 131

163 391 229 429 Ac
245 390 355 441 prior,
370 388 492 433 Heus,
503 389 792 440 inquit,juvenes
808 391 816 426 !
842 374 1040 425 monstrate
1055 400 1214 425 mearum

163 457 316 495 Vidistis
336 456 363 493 si
384 468 492 506 quam
511 456 570 493 hic
590 465 766 493 errantem
787 454 882 492 forte
903 468 1080 499 sororum,
1219 452 1225 457 ’

163 524 392 570 Succinctam
413 523 596 573 pharetra,
623 531 659 571 et
683 521 883 560 maculosae
902 522 1061 573 tegmine
1079 520 1213 572 lyncis,

162 590 251 628 Aut
271 589 468 640 spumantis
488 589 563 640 apri
583 603 726 626 cursum
747 588 901 626 clamore
922 596 1156 638 prementem.

217 656 277 694 Sic
298 657 422 693 Venus
440 672 450 701 3
479 665 516 693 et
536 656 687 693 Veneris
706 665 834 693 contra
853 655 903 692 sic
923 654 1017 691 filius
1036 666 1137 691 orsus
1150 667 1162 691 :

162 722 276 761 Nulla
295 732 436 759 tuarum
457 722 579 759 audita
597 722 682 759 mihi
702 735 818 771 neque
838 721 909 758 visa
928 733 1104 764 sororum,

162 789 328 840 O,quam
341 799 377 826 te
389 789 603 826 memorem?
616 788 735 839 virgo!
752 801 902 837 namque
912 786 1008 824 haud
1020 785 1211 824 tibivoltus

162 855 348 900 Mortalis,
367 869 433 892 nec
454 869 523 903 vox
544 855 725 892 hominem
746 863 848 892 sonat
866 869 877 899 ;
907 867 943 898 0,
966 854 1048 891 Dea
1066 861 1163 900 certe
1181 841 1197 889 ΕΙ

161 922 228 960 An
251 922 392 961 Phoebi
412 936 513 960 soror
530 923 542 960 ?
570 935 613 958 an
633 922 872 972 nympharum
892 919 1074 971 sanguinis
1094 932 1164 956 una
1181 919 1196 957 ἓ

163 989 219 1027 Sis
240 988 342 1033 felix,
362 998 596 1039 nostrumque
613 988 719 1032 leves,
739 1001 1003 1038 quaecumque,
1022 985 1183 1022 laborem
1197 1000 1211 1031 ;

161 1055 228 1099 Et,
251 1069 324 1104 quo
344 1056 410 1092 sub
430 1055 533 1093 coelo
552 1056 710 1098 tandem,
731 1055 862 1104 quibus
882 1054 980 1091 orbis
999 1053 1033 1089 in
1054 1051 1139 1096 oris,

159 1122 360 1166 Jactemur,
381 1121 532 1159 doceas:
564 1121 678 1173 ignari
699 1121 956 1170 hominumque
974 1118 1212 1168 locorumque

160 1188 349 1231 Erramus,
368 1197 475 1225 vento
495 1187 566 1224 huc
586 1197 623 1225 et
642 1188 749 1224 vastis
769 1186 940 1224 fluctibus
959 1185 1044 1223 acti.

161 1254 286 1292 Multa
305 1254 371 1291 tibi
392 1263 473 1291 ante
493 1267 571 1290 aras
592 1263 715 1290 nostra
732 1253 838 1290 cadet
859 1252 978 1289 hostia
997 1252 1140 1290 dextra.

196 1320 296 1358 Tum
306 1321 448 1358 Venus:
466 1319 581 1357 Haud
593 1319 760 1369 equidem
772 1318 833 1355 tali
845 1332 900 1355 me
911 1318 1044 1369 dignor
1052 1318 1212 1358 honore:

161 1375 377 1439 Virginibus
397 1386 522 1437 Tyriis
543 1400 619 1422 mos
639 1396 693 1423 est
715 1394 856 1436 gestare
876 1385 1096 1435 pharetram,

162 1456 425 1504 Purpureoque
446 1452 517 1490 alte
538 1466 634 1490 suras
656 1452 786 1489 vincire
805 1451 998 1488 cothurno.

163 1520 300 1557 Punica
319 1533 429 1570 regna
449 1519 559 1563 vides,
580 1519 635 1568 T>
647 1519 731 1563 rios,
751 1527 788 1555 et
808 1517 997 1568 Agenoris
1017 1517 1142 1554 urbem
1161 1531 1171 1554 ι

164 1586 238 1624 Sed
259 1586 346 1622 fines
369 1585 521 1635 Libyci,
541 1598 656 1635 genus
672 1583 898 1620 intractabile
917 1582 1026 1621 bello.

164 1653 362 1703 Imperium
383 1652 501 1695 Dido,
521 1650 651 1701 Tyria,
671 1650 780 1701 regit,
802 1650 888 1687 urbe
910 1648 1092 1699 profecta,

165 1720 391 1759 Germanum
410 1718 567 1769 fugiens.
627 1718 762 1768 Longa
780 1727 834 1753 est
855 1716 992 1768 injuria,
1014 1709 1144 1766 longae

161 1786 353 1837 Ambages
375 1800 385 1822 ε
427 1785 489 1822 sed
508 1797 644 1821 summa
664 1797 793 1833 sequar
812 1783 956 1834 fastigia
976 1796 1107 1819 rerum.

163 1852 269 1890 Huic
289 1854 445 1903 conjunx
469 1851 656 1901 Sychaeus
675 1859 765 1894 erat,
786 1849 980 1886 ditissimus
1000 1849 1079 1899 agri

162 1918 399 1962 Phoenicum,
420 1927 457 1955 et
476 1931 608 1968 magno
629 1917 773 1953 miserae
792 1916 948 1953 dilectus
968 1928 1088 1952 amore
1105 1930 1116 1953 ι

162 1985 234 2024 Cui
255 1994 357 2035 pater
375 1984 548 2022 intactam
568 1984 730 2027 dederat,
751 1983 946 2034 primisque
961 1985 1109 2034 jugarat

162 2052 372 2090 Ominibus.
431 2051 505 2089 Sed
523 2063 633 2102 regna
653 2049 749 2100 Tyri
778 2062 968 2101 germanus
987 2048 1147 2085 habebat

164 2117 394 2169 Pygmalion,
415 2117 547 2155 scelere
566 2126 648 2154 ante
668 2115 756 2153 alios
775 2115 963 2152 immanior
982 2115 1111 2160 omnis,

161 2185 269 2235 Quos
287 2184 381 2223 inter
400 2183 652 2236 medius-venit
678 2183 808 2220 Furor.
867 2181 935 2220 Ille
956 2181 1164 2234 Sychaeum

644 2248 736 2286 R2
