1493 2605
210 321 288 359 214-
502 317 804 358 AENEIDOS
861 317 934 356 IV.
1120 332 1152 356 v.
1171 319 1262 359 327.

211 431 363 474 Saltem,
393 432 421 468 si
442 444 514 481 qua
534 430 621 467 mihi
641 431 686 468 de
706 439 743 468 te
763 439 931 479 suscepta
950 428 1076 467 fuisset

209 499 316 535 Ante
336 499 462 549 fugam
482 496 652 541 suboles3
683 496 711 533 si
731 495 812 545 quis
833 496 920 533 mihi
941 495 1111 546 parvulus
1129 495 1209 533 aula

211 565 378 602 Luderet
400 565 562 607 Aeneas,
582 563 645 613 qui
665 572 703 600 te
723 572 842 600 tamen
863 576 925 600 ore
945 563 1095 601 referret
1113 579 1124 609 ς

212 632 296 669 Νοη
316 631 484 681 equidem
503 630 651 667 omnino
671 638 779 679 capta
799 643 840 666 ac
861 629 1004 667 deserta
1022 629 1172 667 viderer.

264 699 420 736 Dixerat
437 713 446 734 :
478 696 536 734 ille
555 696 656 735 Jovis
675 696 822 733 monitis
837 695 988 733 immota
1009 696 1158 733 tenebat

210 764 385 808 Lumina,
412 773 450 801 et
469 764 626 801 obnixus
646 777 770 801 curam
789 763 856 800 sub
876 763 986 800 corde
1006 762 1210 813 premebat.

212 831 379 869 Tandem
398 845 515 881 pauca
534 830 668 868 refert:
703 831 791 881 Ego
806 838 858 874 te,
878 844 970 880 quae
984 829 1140 880 plurima
1152 828 1262 867 fando

212 898 434 936 Enumerare
454 897 562 942 vales,
592 911 801 948 numquam,
826 896 982 948 Regina,
1003 897 1146 948 negabo

213 966 480 1010 Promeritam;
509 979 574 1003 nec
595 979 652 1002 me
671 964 870 1002 meminisse
890 963 1032 1015 pigebit
1062 963 1214 1008 Elissae,

210 1033 317 1071 Dum
337 1046 474 1069 memor
488 1032 564 1082 ipse
580 1032 770 1083 mendum
790 1030 938 1082 spiritus
952 1031 1019 1067 hos
1037 1030 1133 1082 regit
1152 1039 1265 1068 artus.

211 1099 286 1137 Pro
299 1113 336 1136 re
347 1112 462 1149 pauca
472 1098 612 1149 loquar.
629 1098 761 1148 Neque
773 1111 845 1149 ego
855 1097 948 1134 hanc
960 1097 1179 1134 abscondere
1192 1096 1268 1133 fur-

214 1166 378 1216 Speravi,
389 1179 432 1203 ne
448 1165 556 1216 finge.
570 1163 717 1215 fugam;
735 1178 800 1202 nec
812 1163 978 1215 conjugis
991 1176 1163 1213 umquam
1211 1165 1266 1213 [to

213 1232 409 1272 Praetendi
429 1232 567 1276 taedas,
587 1241 652 1268 aut
672 1231 760 1268 haec
780 1231 816 1267 in
837 1230 983 1268 foedera
1002 1230 1094 1269 veni.

213 1299 281 1337 Me
301 1300 329 1336 si
349 1298 425 1336 fata
444 1300 533 1336 meis
552 1307 766 1349 paterentur
793 1298 925 1336 ducere
946 1297 1057 1334 vitam

214 1366 419 1416 Auspiciis,
447 1375 485 1403 et
506 1374 636 1416 sponte
664 1379 743 1402 mea
762 1378 982 1414 componere
1001 1377 1106 1401 curas
1123 1379 1135 1409 ς

215 1433 358 1471 Urbem
379 1432 577 1483 Trojanam
594 1431 764 1481 primum,
792 1430 980 1481 dulcisque
1001 1444 1163 1467 meorum

217 1498 421 1549 Reliquias,
441 1498 596 1536 colerem
613 1514 622 1536 :
656 1498 790 1535 Priami
809 1507 910 1535 tecta
929 1497 1001 1534 alta
1018 1506 1225 1542 manerent;

215 1567 269 1605 Et
288 1567 444 1604 recidiva
464 1579 570 1602 manu
591 1565 790 1615 posuissem
811 1565 993 1616 Pergama
1013 1564 1133 1602 victis.

217 1634 290 1672 Sed
309 1647 404 1671 nunc
427 1632 571 1670 Italiam
591 1645 761 1684 magnam
781 1631 957 1682 Gryneus
976 1630 1136 1682 Apollo,

215 1699 361 1737 Italiam
382 1699 524 1750 Lyciae
538 1701 677 1751 jussere
696 1712 882 1749 capessere
901 1706 1030 1735 sorteS.

216 1767 295 1804 Hic
316 1780 428 1811 amor,
448 1767 536 1804 haec
557 1766 674 1816 patria
692 1775 760 1803 est.
793 1765 832 1803 Si
851 1773 889 1802 te
908 1764 1143 1816 Carthaginis
1171 1776 1269 1801 arces

216 1834 464 1879 Phoenissam,
495 1834 737 1884 Libycaeque
766 1833 965 1883 adspectus
984 1832 1123 1870 detinet
1141 1832 1268 1878 urbis;

217 1903 323 1953 Quae
341 1901 502 1944 tandem,
523 1900 693 1938 Ausonia
712 1899 882 1937 Teucros
900 1899 1087 1937 considere
1106 1908 1216 1944 terra,

218 1968 360 2006 Invidia
377 1977 432 2005 est
449 1968 462 2006 ἓ
492 1968 545 2004 Et
564 1981 628 2004 nos
648 1966 702 2004 fas
720 1976 845 2004 extera
863 1979 1034 2017 quaerere
1053 1979 1177 2017 regna.

215 2035 284 2074 Me
301 2035 416 2086 patris
434 2033 637 2078 Anchisae,
666 2033 810 2084 quoties
829 2033 1065 2070 humentibus
1089 2032 1225 2070 umbris

219 2102 308 2140 Nox
331 2101 451 2152 operit
469 2109 598 2144 terras,
629 2100 773 2150 quoties
792 2109 889 2137 astra
906 2099 1013 2150 ignea
1034 2108 1203 2150 surgunt,

218 2169 412 2207 Admonet
429 2166 618 2214 insomnis
637 2175 675 2204 et
694 2166 843 2204 turbida
861 2175 974 2204 terret
993 2165 1116 2217 imago
1132 2181 1142 2204 ε

220 2235 286 2274 Me
305 2249 395 2285 puer
412 2233 613 2279 Ascanius,
640 2233 845 2284 capitisque
864 2232 992 2285 injuria
1011 2232 1098 2279 cari,
