1493 2605
201 323 237 347 v.
261 309 350 347 356.
520 302 867 346 GEORGICON
924 306 959 344 1.
1205 310 1252 347 51

195 417 394 462 Continuo,
422 417 535 455 ventis
556 418 800 469 surgentibus,
829 426 892 454 aut
912 417 1004 455 freta
1023 417 1128 467 ponti

194 485 383 535 Incipiunt
401 485 539 536 agitata
560 497 770 528 tumescere,
799 493 836 521 et
855 485 975 521 aridus
994 484 1076 521 altis

194 549 388 589 Montibus
407 552 521 589 audiri
540 551 690 603 fragor3
719 560 780 588 aut
801 552 1001 588 resonantia
1019 550 1129 602 longe

194 617 345 655 Littora
365 618 517 662 misceri,
533 629 569 655 et
591 632 775 655 nemorum
795 619 1055 656 increbrescere
1075 631 1250 655 murmur.

192 684 273 722 Jam
294 684 360 721 sibi
381 694 459 722 tum
479 685 596 722 curvis
617 684 707 722 male
727 694 907 735 temperat
928 684 1022 722 unda
1042 684 1196 722 carinis:

191 751 318 800 Quum
338 752 457 788 medio
478 751 610 789 celeres
630 752 792 789 revolant
812 766 856 789 ex
873 765 1028 802 aequore
1048 751 1177 802 mergi,

189 818 468 869 Clamoremque
488 818 608 855 ferunt
628 819 673 856 ad
692 818 842 863 littora;
874 832 1059 869 quumque
1079 818 1236 854 marinae

189 885 235 923 In
256 885 352 922 sicco
373 885 503 922 ludunt
523 884 667 930 fulicae,
697 895 872 935 notasque
894 884 1044 935 paludes

191 951 356 995 Deserit,
385 961 494 1002 atque
514 952 624 989 altam
644 966 751 1002 supra
771 952 866 989 volat
886 953 993 990 ardea
1011 953 1157 990 nubem.

172 1017 308 1067 'Saepe
326 1018 435 1055 etiam
455 1018 589 1061 stellis,
618 1028 726 1055 vento
745 1019 990 1068 impendente,
1021 1019 1157 1057 videbis

190 1084 413 1134 Praecipites
433 1084 537 1122 coelo
556 1085 642 1129 labi,
671 1084 861 1135 noctisque
882 1099 946 1135 per
967 1086 1131 1122 umbram

191 1149 433 1188 Flammarum
452 1151 582 1202 longos
601 1165 621 1188 a
639 1162 746 1203 tergo
766 1150 945 1189 albescere
964 1160 1130 1196 tractus;

188 1217 305 1265 Saepe
320 1216 432 1253 levem
452 1217 591 1267 paleam
610 1228 646 1255 et
662 1216 809 1254 frondes
830 1217 977 1254 volitare
997 1219 1167 1263 caducas,

189 1283 275 1320 Aut
296 1296 433 1319 summa
453 1284 568 1320 nantis
588 1285 621 1320 in
643 1298 736 1334 aqua
756 1284 939 1322 colludere
958 1283 1111 1334 plumas.

187 1350 262 1393 At,
283 1349 420 1387 Boreae
441 1350 484 1386 de
504 1360 605 1400 parte
624 1351 736 1388 trucis
752 1364 864 1401 quum
884 1349 1064 1395 fulminat,
1085 1360 1121 1389 et
1135 1365 1248 1402 quum

190 1417 356 1467 Eurique
376 1417 617 1468 Zephyrique
638 1426 742 1454 tonat
763 1417 892 1454 domus
911 1433 921 1462 ;
951 1418 1071 1455 omnia
1092 1417 1205 1469 plenis

191 1484 295 1522 Rura
314 1493 439 1520 natant
459 1483 576 1528 fossis,
605 1494 713 1534 atque
733 1484 848 1520 omnis
865 1484 981 1521 navita
1004 1494 1117 1535 ponto

189 1550 355 1588 Humida
375 1550 450 1588 vela
469 1550 570 1602 legit.
602 1552 810 1601 Numquam
826 1550 1117 1600 imprudentibus
1136 1553 1250 1591 imber

190 1617 325 1655 Obfuit
344 1633 353 1655 :
385 1628 447 1655 aut
466 1617 566 1654 illum
585 1629 794 1668 surgentem
814 1616 965 1654 vallibus
985 1618 1063 1656 imis

188 1684 327 1723 Ae'riae
346 1684 474 1736 fugere
494 1698 628 1736 grues;
649 1693 712 1721 aut
728 1683 874 1726 bucula,
894 1684 1038 1721 coelum

190 1752 412 1801 Suspiciens,
433 1751 565 1801 patulis
585 1750 746 1801 captavit
765 1751 909 1787 naribus
929 1765 1030 1788 auras
1048 1768 1060 1798 3

187 1820 273 1857 Aut
294 1829 424 1869 arguta
442 1818 540 1856 lacus
560 1817 861 1855 circumvolitavit
882 1818 1052 1863 hirundo,

187 1887 242 1924 Et
262 1896 417 1924 veterem
436 1887 471 1923 in
491 1887 576 1922 limo
597 1899 701 1922 ranae
723 1886 883 1922 cecinere
903 1885 1097 1935 querelam.

189 1953 340 2002 Saepius
359 1962 396 1990 et
416 1953 521 1990 tectis
541 1952 784 2002 penetralibus
804 1952 936 1989 extulit
957 1967 1024 1990 ova

186 2020 405 2071 Angustum
424 2018 575 2057 formica
593 2029 710 2057 terens
730 2019 796 2056 iter
815 2035 825 2065 ;
854 2029 890 2056 et
912 2019 1005 2056 bibit
1025 2019 1152 2071 ingens

187 2087 338 2132 Arcus3
367 2096 418 2131 et,
446 2101 465 2124 e
485 2096 593 2137 pastu
613 2088 790 2124 decedens
810 2087 954 2137 agmine
971 2100 1117 2138 magno,

185 2154 392 2192 Corvorum
410 2154 590 2204 increpuit
609 2154 725 2190 densis
744 2153 926 2191 exercitus
945 2153 1021 2191 alis.

185 2221 267 2258 Jam
286 2221 399 2258 varias
417 2220 538 2273 pelagi
558 2220 735 2263 volucres,
765 2230 802 2257 et
821 2234 913 2270 quae
938 2220 1029 2260 Asia
1046 2220 1183 2262 circum

687 2288 780 2327 G2
