1493 2605
197 276 249 312 41·
508 274 854 315 GEORGICON
913 277 945 313 Ι.
1108 280 1247 319 1:0160..

249 384 458 423 Dicendum
477 394 529 430 et,
549 401 640 437 quae
661 387 731 425 sint
750 387 848 424 duris
867 388 1070 439 agrestibus
1089 401 1198 431 arma,

197 452 294 501 Quis
313 453 385 489 sine
405 467 469 490 nec
490 463 641 504 potuere
661 454 742 498 seri,
762 468 826 490 nec
846 467 1004 504 surgere,
1023 468 1152 492 messes
1171 469 1180 493 ε

194 519 337 564 vomis,
359 530 396 557 et
416 520 536 558 inflexi
558 521 712 570 primum
733 534 840 570 grave
860 521 972 556 robur
990 521 1110 563 aratri,

195 585 394 636 Tardaque
424 586 615 624 Eleusinae
635 587 757 623 matris
777 586 954 623 volventia
972 586 1144 637 plaustr-1,

195 653 435 704 Tribulaque,
454 653 685 703 traheaeque,
705 663 741 690 et
761 653 884 703 iniquo
904 653 1062 703 pondere
1083 653 1185 689 rastri
1205 668 1216 698 ;

194 720 332 771 Virgea
352 730 536 770 praeterea
556 719 655 758 Celei
676 719 826 770 vilisque
845 720 1020 770 supellex,

193 787 388 826 Arbuteae
408 796 524 824 crates
542 802 553 832 ς
574 795 611 824 et
631 787 785 836 mystica
805 800 940 824 vannus
962 786 1084 824 Iacchi
1101 801 1111 824 z

195 854 331 892 Omnia
349 868 441 905 quae
461 854 576 892 multo
595 863 678 892 ante
698 868 834 891 memor
853 854 992 903 provisa
1009 867 1172 903 repones,

196 921 236 959 Si
256 930 293 959 te
313 921 424 972 digna
443 930 560 958 manet
581 921 690 957 divini
711 920 827 971 gloria
847 920 950 957 ruris.

194 988 381 1028 Continuo
400 988 435 1024 in
455 988 549 1025 silvis
570 1001 699 1038 magna
714 987 745 1023 vi
767 987 858 1023 flexa
873 987 1042 1023 domatur

194 1056 239 1093 In
259 1055 392 1098 burim,
411 1064 448 1091 et
467 1055 567 1091 curvi
587 1054 739 1090 formam
759 1053 892 1102 accipit
912 1052 1028 1090 ulmus
1047 1053 1151 1090 aratri
1170 1068 1180 1092 ε

194 1121 300 1160 Huic
321 1135 340 1157 a
360 1121 485 1170 stirpe,
506 1121 629 1170 pedes,
644 1130 755 1163 temo,
776 1128 967 1170 protentus
982 1119 1016 1156 in
1031 1135 1050 1156 c
1102 1134 1117 1156 2
1136 1135 1147 1165 ;

194 1187 308 1226 Binae
327 1200 443 1230 aures,
463 1186 600 1236 duplici
620 1194 790 1236 aptantur
808 1186 963 1223 dentalia
981 1187 1102 1223 dorso.

193 1254 372 1293 Caeditur
390 1262 428 1290 et
448 1253 524 1290 tilia
543 1263 626 1290 ante
641 1255 733 1304 jugo
753 1251 851 1297 levis,
871 1252 1014 1302 altaque
1035 1252 1155 1303 fagus,

194 1320 383 1370 Stivaque,
403 1333 494 1370 quae
514 1332 639 1356 currus
659 1332 679 1355 a
697 1328 804 1369 tergo
824 1327 993 1368 torqueat
1014 1320 1103 1356 imos
1121 1334 1131 1364 ;

194 1387 250 1424 Et
270 1400 439 1435 suspensa
460 1385 550 1423 focis
569 1385 736 1435 explorat
757 1386 885 1422 robora
906 1385 1037 1422 fumus.

246 1455 400 1492 Possum
420 1453 533 1490 multa
553 1453 618 1489 tibi
641 1462 798 1490 veterum
820 1462 1016 1502 praecepta
1041 1453 1170 1490 referre
1188 1470 1198 1499 ;

193 1521 245 1559 Ni
266 1520 417 1572 refugis,
437 1520 628 1569 tenuisque
647 1520 751 1570 piget
770 1533 991 1570 cognoscere
1010 1534 1127 1556 curas.

246 1588 351 1625 Area
365 1600 449 1624 cum
469 1586 592 1636 primis
608 1585 747 1637 ingenti
763 1585 949 1635 aequanda
968 1585 1148 1636 cylindro,

192 1653 248 1691 Et
267 1652 437 1689 vertenda
456 1665 576 1695 manu,
596 1660 633 1688 et
653 1661 752 1688 creta
771 1651 954 1688 solidanda
975 1651 1089 1688 tenaci
1107 1666 1117 1689 ε

193 1719 253 1757 Ne
273 1719 424 1755 subeant
444 1718 588 1763 herbae,
609 1732 677 1754 neu
698 1717 841 1769 pulvere
862 1717 956 1754 victa
974 1717 1117 1754 fatiscat
1136 1733 1147 1762 ς

191 1787 293 1826 Tum
312 1785 427 1823 variae
446 1784 599 1822 illudant
618 1792 750 1834 pesteS.
809 1784 925 1834 Saepe
944 1784 1100 1835 exiguus
1121 1797 1199 1821 mus

195 1854 273 1891 Sub
294 1852 397 1890 terris
412 1852 607 1902 posuitque
627 1851 755 1886 domos
775 1858 886 1899 atque
907 1849 1034 1886 horrea
1054 1850 1139 1887 fecit
1158 1866 1169 1897 3

192 1921 279 1958 Aut
298 1918 412 1956 oculis
431 1917 529 1967 capti
549 1916 674 1953 fodere
692 1915 827 1953 cubilia
845 1915 964 1965 talpae
982 1931 992 1959 ;

194 1985 441 2034 Inventusque
461 1983 556 2021 cavis
570 1982 675 2026 bufo,
694 1990 731 2018 et
751 1996 841 2032 quae
860 1981 1012 2032 plurima
1032 1991 1146 2019 terrae

194 2052 363 2090 Monstra
378 2050 518 2094 ferunt3
535 2048 761 2099 populatque
777 2048 960 2101 ingentem
975 2047 1075 2085 farris
1087 2063 1253 2087 acervum

196 2116 384 2162 Curculio,
403 2125 513 2167 atque
532 2116 631 2166 inopi
651 2105 984 2152 metuens‘formica
1004 2124 1180 2152 senectae.

250 2182 531 2235 Contemplator
548 2183 649 2230 item,
669 2195 782 2232 quum
801 2195 837 2219 se
857 2195 930 2219 nux
950 2180 1103 2232 plurima
1122 2180 1220 2231 silvis
