1493 2605
240 319 318 358 208
533 318 834 361 AENEIDOS
891 321 962 361 IV.
1143 336 1176 360 v.
1198 324 1284 363 159.

240 431 361 482 Optat
377 445 514 482 aprum.
535 443 596 470 aut
615 433 749 471 fulvum
767 435 982 473 descendere
998 443 1118 472 monte
1131 435 1282 473 leonem.

295 499 437 536 Interea
457 513 587 550 magno
607 501 746 538 misceri
769 515 949 538 murmure
967 502 1110 539 coelum

238 565 389 615 Incipit.
423 567 629 616 Insequitur
648 568 843 605 commixta
862 568 1035 618 grandine
1064 568 1230 614 nimbus;

238 631 290 670 Et
311 632 419 682 Tyrii
438 635 590 671 comites
610 635 754 685 passim,
781 644 818 672 et
847 636 1006 686 Trojana
1022 637 1206 686 juventus,

234 698 516 750 Dardaniusque
537 714 647 750 nepos
667 701 831 745 Veneris,
859 701 995 738 diversa
1015 715 1079 751 per
1097 715 1204 752 agros

234 765 356 804 Tecta
375 777 473 804 metu
494 768 629 817 petiere
646 784 655 806 :
687 777 795 806 ruunt
815 768 860 805 de
879 768 1062 805 montibus
1081 781 1214 805 amnes.

236 832 453 882 Speluncam
475 834 578 871 Dido
598 835 670 871 dux
693 845 730 872 et
751 835 934 885 Trojanus
961 834 1123 871 eamdem

232 900 456 938 Deveniunt.
488 901 608 938 Prima
626 910 663 938 et
684 901 814 939 Tellus
832 909 869 938 et
891 901 1055 951 pronuba
1074 902 1173 940 Juno

230 968 337 1006 Dant
358 967 500 1017 signum
519 983 528 1006 :
559 967 688 1006 fulsere
709 968 823 1019 ignes,
851 976 888 1005 et
907 968 1071 1006 conscius
1091 968 1217 1005 aether

229 1034 431 1072 Connubiis
446 1049 457 1079 3
488 1048 699 1085 summoque
716 1033 899 1072 ulularunt
915 1035 1047 1073 vertice
1067 1034 1275 1086 Nymphae.

232 1100 301 1138 Ille
321 1101 396 1138 dies
417 1101 553 1151 primus
573 1101 634 1138 leti
656 1101 864 1152 primusque
882 1101 1057 1139 malorum

229 1169 366 1206 Caussa
385 1167 454 1204 fuit
473 1182 483 1205 ε
513 1182 629 1218 neque
648 1169 741 1205 enim
761 1168 878 1218 specie
899 1167 1036 1206 famave
1056 1177 1235 1213 movetur,

197 1220 199 1222 .
230 1233 310 1271 Nec
326 1235 399 1285 jam
419 1233 594 1272 furtivum
622 1235 728 1272 Dido
748 1234 944 1272 meditatur
961 1248 1116 1271 amorem
1133 1249 1144 1273 ε

228 1301 450 1352 Conjugium
472 1312 576 1338 vocat
597 1317 608 1346 3
641 1301 711 1339 hoc
731 1301 911 1352 praetexit
931 1301 1073 1338 nomine
1092 1300 1249 1351 culpam.

282 1367 484 1417 Extemplo
505 1368 650 1418 Libyae
669 1382 816 1419 magnas
835 1369 862 1406 it
883 1369 993 1406 Fama
1011 1382 1078 1418 per
1096 1368 1194 1406 urbis
1210 1383 1224 1414 3

229 1434 338 1471 Fama
358 1435 502 1479 malum,
523 1449 597 1486 quo
613 1449 683 1472 non
705 1435 801 1473 aliud
821 1435 979 1473 velocius
999 1434 1113 1472 ullum
1131 1449 1142 1472 :

224 1500 436 1538 Mobilitate
456 1501 564 1552 viget,
595 1501 756 1552 viresque
776 1501 932 1552 acquirit
951 1501 1083 1539 eundo.

225 1566 340 1604 Parva
360 1577 459 1605 metu
479 1568 595 1618 primo
613 1583 622 1605 :
654 1582 736 1605 mox
758 1581 832 1605 sese
852 1567 988 1605 attollit
1007 1567 1041 1604 in
1061 1580 1178 1612 auras,

224 1634 507 1685 Ingrediturque
527 1635 618 1679 solo,
637 1644 674 1672 et
693 1643 806 1684 caput
825 1634 921 1672 inter
938 1633 1060 1671 nubila
1077 1633 1218 1673 condit.

225 1701 328 1739 Illam
351 1701 470 1739 Terra
490 1716 633 1751 parenti,
652 1701 702 1738 ira
722 1702 860 1738 irritata
879 1701 1044 1746 deorum,

223 1769 450 1807 Extremam,
464 1777 505 1805 ut
519 1768 721 1818 perhibent,
731 1768 834 1805 Coeo
843 1767 1103 1817 Enceladoque
1113 1781 1273 1806 sororem

223 1835 437 1885 Progenuit‚
458 1835 611 1884 pedibus
631 1834 796 1878 celerem,
815 1843 852 1871 et
873 1834 1078 1884 pernicibus
1096 1833 1172 1872 alis.
1266 1881 1270 1884 .

220 1901 429 1940 Monstrum
440 1900 822 1952 horrendum,ingens:
839 1900 1009 1950 cui‚quot
1024 1909 1107 1938 sunt
1117 1914 1272 1950 corpore

219 1967 301 2005 Tot
321 1967 444 2018 vigiles
459 1967 555 2005 oculi
569 1967 705 2011 subter,
719 1967 880 2004 mirabile
896 1967 996 2005 dictu
1012 1969 1020 2004 Ε
1090 1966 1271 2017 [plumae,

219 2033 299 2071 Tot
318 2033 474 2085 linguae,
494 2034 648 2071 totidem
669 2047 732 2071 ora
753 2042 895 2077 sonant,
913 2042 971 2070 tot
984 2031 1139 2082 subrigit
1159 2032 1268 2070 auris.

219 2100 342 2137 Nocte
363 2099 458 2137 volat
478 2099 570 2137 coeli
589 2099 708 2137 medio
728 2109 928 2149 terraeque,
956 2112 1020 2150 per
1039 2099 1216 2144 umbram,

220 2167 396 2211 Stridens,
424 2181 489 2204 nec
509 2166 606 2204 dulci
626 2166 781 2204 declinat
801 2166 936 2204 lumina
956 2179 1106 2204 somnoz

217 2233 323 2272 Luce
343 2234 443 2272 sedet
459 2243 584 2273 custos
603 2242 667 2274 aut
687 2233 815 2273 summi
833 2233 989 2272 culmine
1007 2231 1114 2278 tecti,
