1493 2605
180 279 217 302 v.
234 264 320 302 104.
501 258 744 298 ECLOGA
800 258 924 296 VIII.
1192 261 1238 296 31

181 374 322 412 Ducite
332 372 376 409 ab
387 371 474 408 urbe
486 370 648 414 domum,
656 383 734 407 mea
744 369 913 412 carmina,
921 366 1043 405 ducite
1050 367 1240 419 Daphnin·

180 439 370 488 Adspice!
399 437 580 486 corripuit
600 435 761 473 tremulis
780 435 903 472 altaria
924 434 1077 472 flammis

182 506 323 555 Sponte
335 518 411 549 sua,
424 504 511 541 dum
526 502 618 540 ferre
634 516 766 546 moror,
783 501 869 539 cinis
881 501 970 552 ipse.
1015 501 1160 538 Bonum
1173 500 1250 538 sits.

180 571 317 610 Nescio
337 571 426 621 quid
446 579 544 607 certe
563 579 618 606 est
636 585 648 614 ;
681 579 719 606 et
740 567 869 618 Hylax
890 568 924 604 in
943 567 1063 604 limine
1078 567 1199 604 latrat.

179 637 367 676 Credimus
385 638 398 675 ἓ
426 650 483 680 an,
504 636 565 686 qui
585 646 719 679 amant,
740 636 807 685 ipsi
828 635 894 672 sibi
910 635 1047 672 somnia
1066 636 1210 685 fingunt
1228 635 1250 673 ἓ·

178 704 337 751 Parcite,
350 704 395 742 ab
409 704 497 741 urbe
510 703 701 753 venit‚jam
716 702 865 754 parcite,
878 702 1046 747 carmina,
1055 702 1240 753 Daphnis.

524 899 766 940 ECLOGA
823 900 898 938 IX.

397 1013 1023 1074 MOERIS.

503 1146 697 1172 LYCIDAS.
745 1147 917 1172 MOERIS.

259 1276 265 1282 ,
617 1235 789 1289 Lycidas.

180 1307 278 1357 Quo
295 1313 345 1349 te,
360 1303 496 1348 Moeri,
511 1302 642 1353 pedes?
671 1316 728 1345 an,
745 1316 818 1352 quo
833 1302 887 1339 via
901 1303 1016 1349 ducit,
1031 1303 1066 1341 in
1082 1305 1234 1343 urbem?

621 1370 774 1407 Moeris.

180 1438 218 1477 O
238 1437 396 1488 Lycida,
417 1437 485 1474 vivi
500 1436 740 1486 pervenimus,
760 1435 895 1473 advena
915 1437 1042 1482 nostri,

180 1504 294 1554 Quod
315 1517 511 1554 numquam
530 1502 633 1540 veriti
653 1516 788 1547 sumna,
816 1512 859 1540 ut
877 1517 1060 1553 possessor
1078 1505 1186 1557 agelli

177 1571 346 1615 Diceret,
368 1571 476 1608 Haec
495 1585 573 1609 mea
593 1579 676 1608 sunt
693 1588 704 1614 ς
732 1580 882 1616 veteres,
903 1571 1070 1623 migrate,
1090 1573 1223 1612 coloni,

178 1637 287 1675 Nunc
309 1637 408 1682 victi,
427 1637 561 1681 tristes,
581 1638 752 1688 quoniam
772 1638 863 1675 Fors
883 1639 1003 1675 omnia
1022 1649 1154 1684 versat,

179 1704 265 1741 Hos
284 1703 348 1749 illi,
368 1705 468 1754 quod
487 1718 551 1742 nec
571 1704 660 1741 bene
680 1713 813 1748 vertat,
840 1704 1017 1742 mittimus
1036 1706 1183 1745 haedos,

609 1771 782 1824 Lycidas.

178 1838 287 1876 Certe
307 1837 472 1887 equidem
492 1837 687 1882 audieram,
707 1851 779 1888 qua
798 1851 834 1875 se
854 1838 1055 1876 subducere
1074 1839 1183 1877 colles

178 1904 377 1954 Incipiunt,
399 1903 569 1954 mollique
584 1906 715 1956 jugum
731 1904 920 1942 demittere
936 1904 1042 1951 clivo,
1093 1906 1237 1959 [fagos‚

177 1970 310 2020 Usque
338 1970 386 2006 ad
402 1983 546 2020 aquam,
575 1980 610 2008 et
632 1981 780 2016 veteres,
803 1974 878 2022 jam
902 1971 1018 2010 fracta
1035 1975 1237 2021 cacumina,

179 2037 313 2075 Omnia
331 2037 546 2075 carminibus
565 2047 723 2076 vestrum
743 2038 898 2077 servasse
922 2039 1127 2081 Menalcan.

619 2106 773 2144 Moeris.

177 2170 374 2217 Audieras,
393 2179 431 2209 et
448 2170 543 2211 fama
560 2170 630 2209 fuit
647 2186 657 2211 ε
688 2172 752 2211 sed
769 2172 925 2211 camlina
944 2182 1085 2213 tantum
