1493 2605
206 342 240 369 ψ,
260 333 348 369 300.
526 327 875 368 GEORGICON
931 328 965 366 1.
1056 384 1059 386 ι
1206 324 1259 367 49

204 441 419 493 Frigoribus
437 449 543 491 parto
564 439 743 492 agricolae
763 439 976 490 plerumque
994 438 1179 484 fruuntur,

202 508 411 557 Mutuaque
426 507 520 543 inter
539 521 575 544 se
594 507 680 545 laeti
698 507 860 544 convivia
879 515 1020 545 curant.

200 573 338 611 Invitat
359 572 508 624 genialis
527 572 655 617 hiems,
683 587 858 624 curasque
876 573 1023 611 resolvit
1040 588 1049 610 :

197 641 289 685 Ceu,
319 652 460 690 pressae
479 654 591 689 quum
605 642 680 691 jam
701 649 849 690 portum
869 640 1023 692 tetigere
1043 639 1194 685 carinae,

196 707 387 757 Puppibus
405 715 443 743 et
461 705 546 743 laeti
565 715 693 744 nautae
711 707 914 756 imposuere
933 719 1095 745 coronas,

198 774 271 811 Sed
289 783 408 810 tamen
427 781 466 810 et
485 786 635 822 quernas
651 770 800 823 glandes
812 782 892 809 tum
907 773 1081 824 stringere
1096 780 1253 823 tempus,

196 838 250 876 Et
269 838 358 875 lauri
377 839 522 883 baccas,
550 838 753 889 oleamque,
783 848 1005 889 cruentaque
1024 848 1143 889 myrta
1160 853 1173 883 ;

194 906 295 943 Tum
315 905 466 957 gruibus
485 906 645 955 pedicaS,
673 914 711 943 et
730 905 819 943 retia
838 919 972 956 ponere
989 906 1118 950 cervis,

191 973 423 1022 Auritosque
443 972 544 1022 sequi
562 972 704 1022 lepores
722 987 733 1017 3
762 981 842 1009 tum
862 972 974 1023 figere
993 972 1132 1017 damas,

193 1039 358 1090 Stuppea
376 1047 606 1090 torquentem
629 1037 786 1075 Balearis
805 1039 951 1075 verbera
969 1038 1101 1076 fundae
1118 1052 1129 1077 :

191 1106 317 1155 Quum
336 1105 397 1142 nix
413 1105 484 1142 alta
493 1108 603 1157 jacet,
617 1104 770 1156 glaciem
786 1118 899 1155 quum
914 1104 1062 1142 flumina
1073 1105 1240 1143 trudunt.

240 1171 343 1222 Quid
361 1180 595 1221 tempestates
614 1171 798 1209 auctumni
816 1182 854 1209 et
874 1171 989 1209 sidera
1007 1170 1125 1208 dicam
1142 1171 1157 1209 ἓ

186 1242 333 1290 Atque,
360 1240 423 1276 ubi
437 1242 512 1290 jam
529 1239 744 1289 breviorque
764 1239 838 1276 dies
857 1247 895 1276 et
914 1238 1057 1276 mollior
1075 1242 1207 1284 aestas,

188 1308 293 1357 Quae
311 1305 493 1357 vigilanda
507 1305 589 1342 viris
606 1305 619 1344 ?
635 1305 702 1350 vel,
717 1319 830 1356 quum
844 1305 917 1343 ruit
932 1305 1156 1343 imbriferum
1170 1320 1248 1351 ver,

189 1373 319 1423 Spicea
333 1374 407 1424 jam
426 1371 562 1421 campis
579 1385 695 1422 quum
715 1371 837 1409 messis
856 1371 1052 1417 inhorruit,
1070 1381 1109 1410 et
1127 1386 1243 1423 quum

186 1439 383 1476 Frumenta
401 1438 435 1474 in
455 1438 558 1475 viridi
577 1438 712 1489 stipula
729 1438 898 1476 lactentia
916 1447 1094 1490 turguent
1110 1439 1125 1476 ?

185 1507 300 1557 Saepe
317 1519 402 1558 ego,
421 1519 535 1556 quum
556 1505 654 1542 flavis
672 1518 865 1543 messorem
883 1504 1072 1544 induceret
1091 1505 1183 1544 arvis

181 1571 377 1625 Agricola,
405 1584 443 1610 et
462 1571 582 1624 fragili
597 1574 672 1624 jam
692 1571 886 1624 stringeret
904 1572 1041 1610 hordea
1059 1573 1195 1619 culmo,

182 1639 317 1677 Omnia
335 1647 525 1676 ventorum
551 1652 764 1676 concurrere
783 1637 920 1689 proelia
938 1638 1009 1676 vidi
1025 1654 1036 1686 ;

181 1707 286 1755 Quae
306 1704 491 1756 gravidam
511 1704 583 1742 late
603 1715 763 1756 segetem
782 1706 827 1742 ab
847 1705 1028 1743 radicibus
1047 1706 1127 1744 imis

183 1771 345 1809 Sublime
362 1770 550 1821 expulsam
569 1780 733 1808 eruerent
751 1786 761 1808 ε
792 1771 843 1808 ita
863 1771 1009 1809 turbine
1029 1771 1135 1824 nigro
1209 1822 1212 1823 ⁷

180 1838 308 1875 Ferret
326 1837 439 1874 hiems
453 1836 686 1888 culmumque
705 1837 819 1875 levem
835 1837 1058 1889 stipulasque
1072 1839 1236 1878 volantis.

180 1906 297 1954 Saepe
316 1904 424 1941 etiam
443 1904 655 1941 immensum
675 1904 778 1942 coelo
793 1904 891 1942 venit
910 1919 1038 1957 agmen
1051 1920 1238 1957 aquarum,

177 1972 232 2010 Et
251 1971 395 2009 foedam
415 1970 617 2023 glomerant
636 1980 892 2021 tempestatem
910 1972 1085 2011 imbribus
1104 1973 1191 2012 atris

176 2037 365 2076 Collectae
382 2051 427 2075 ex
447 2037 522 2075 alto
542 2039 655 2076 nubes
673 2055 683 2076 ς
715 2039 787 2076 ruit
807 2039 938 2077 arduus
957 2040 1094 2084 aether,

177 2105 231 2142 Et
250 2104 372 2155 pluvia
390 2104 528 2156 ingenti
548 2115 624 2142 sata
643 2104 736 2143 laeta
755 2106 940 2156 boumque
959 2107 1100 2145 labores

175 2170 325 2216 Diluit;
354 2171 550 2221 implentur
567 2170 697 2217 fossae,
725 2182 763 2210 et
783 2187 868 2211 cava
888 2173 1034 2211 flumina
1052 2184 1221 2213 crescunt

174 2236 270 2275 Cum
291 2236 410 2275 sonitu
428 2253 439 2283 ;
471 2237 659 2291 fervetque
679 2239 782 2277 fretis
801 2241 1018 2292 spirantibus
1037 2255 1185 2294 aequor.

233 2302 349 2342 ΤοΜ.
373 2304 405 2342 1.
714 2306 753 2344 G
