1493 2605
214 262 287 298 1⁴24
528 260 828 300 AENEIDOS
887 262 920 299 1.
1117 278 1150 301 v.
1169 266 1256 303 125.

210 370 462 422 Emissamque
482 372 650 416 hiemem,
666 373 773 410 sensit
796 373 1004 423 Neptunus,
1032 384 1069 412 et
1090 375 1168 413 imis

205 438 343 489 Stagna
364 438 479 476 refusa
501 439 610 482 vadis,
640 439 797 490 graviter
824 450 1054 487 commotum
1083 451 1134 486 et,
1156 442 1230 479 alto

204 505 445 555 Prospiciens‚
475 519 612 542 summa
632 505 816 555 placidum
836 515 949 556 caput
969 508 1102 545 extulit
1123 509 1230 545 unda.

203 570 407 622 Disjectam
429 572 578 609 Aeneae
599 581 681 608 toto
701 572 798 609 videt
829 586 983 623 aequore
1003 574 1148 611 classem
1169 591 1178 619 ;

206 636 400 675 fluctibus
419 652 611 688 oppressos
631 639 764 683 Troas,
785 640 950 690 coelique
970 641 1082 679 ruina.

202 703 284 741 Nec
304 703 440 741 latuere
461 704 533 741 doli
555 705 702 742 fratrem
721 707 888 750 Junonis,
916 716 953 744 et
974 707 1059 744 irae.

201 769 344 807 Eurum
356 771 401 807 ad
415 785 450 808 se
463 772 754 823 Zephyrumque
762 782 865 811 vocat
877 789 886 818 ;
901 774 1031 810 dehinc
1046 773 1130 810 talia
1143 773 1253 810 fatur:

203 835 373 874 Tantane
392 851 456 874 vos
475 840 614 889 generis
633 841 751 877 tenuit
768 840 899 876 fiducia
922 841 1029 877 vestri
1047 841 1060 877 ,³

201 903 283 941 Jam
303 903 444 941 coelum
464 914 668 955 terramque
688 919 767 942 meo
789 906 862 942 sine
882 907 1040 950 numine,
1063 906 1188 951 Venti,

202 969 374 1012 Miscere,
403 979 439 1005 et
459 978 578 1004 tantas
598 971 737 1007 audetis
757 971 885 1008 tollere
915 971 1040 1010 molles
1059 973 1072 1009 ἓ

203 1037 309 1086 Quos
327 1032 514 1084 ego—sed
535 1042 652 1069 motos
669 1045 827 1082 praestat
846 1050 1063 1087 componere
1092 1038 1224 1076 fluctus
1242 1053 1253 1076 z

203 1101 295 1139 Post
314 1099 401 1136 mihi
423 1112 491 1134 non
513 1098 616 1134 simili
636 1112 751 1148 poena
770 1103 960 1141 commissa
978 1103 1098 1142 luetis.

202 1166 393 1205 Maturate
413 1164 554 1216 fugam,
583 1164 732 1215 regique
752 1167 839 1205 haec
860 1169 969 1207 dicite
990 1179 1109 1208 vestro
1127 1188 1136 1210 :

203 1233 290 1272 Non
311 1231 361 1269 illi
380 1231 569 1281 imperium
591 1231 725 1282 pelagi,
754 1246 970 1285 saevumque
994 1237 1202 1281 tridentem,

207 1299 281 1337 Sed
301 1299 402 1342 mihi,
423 1307 519 1334 sorte
539 1298 678 1334 datum.
736 1298 856 1335 Tenet
872 1301 931 1338 ille
950 1302 1116 1339 immania
1135 1316 1232 1348 saxa,

203 1366 368 1409 Vestras,
399 1365 513 1407 Eure,
543 1364 670 1400 domos
689 1379 698 1401 :
729 1363 788 1400 illa
809 1378 844 1402 se
858 1367 973 1416 jactet
993 1368 1028 1404 in
1047 1368 1127 1405 aula

204 1431 364 1474 Aeolus,
392 1440 430 1467 et
451 1429 573 1467 clauso
594 1439 780 1466 ventorum
802 1444 944 1468 carcere
966 1443 1106 1483 regnet.

260 1498 320 1536 Sic
341 1497 405 1541 ait,
433 1506 470 1534 et
491 1496 590 1533 dicto
611 1496 718 1533 citius
747 1498 887 1534 tumida
908 1511 1063 1548 aequora
1084 1499 1201 1549 placat
1220 1514 1230 1546 ;

205 1563 461 1613 Collectasque
482 1562 588 1614 fugat
608 1564 734 1607 nubes,
765 1563 948 1614 solemque
968 1566 1120 1604 reducit.

204 1629 429 1681 Cymothoe,
459 1628 562 1666 simul
581 1638 619 1666 et
638 1629 772 1668 Triton
793 1630 958 1675 adnixus,
976 1641 1086 1668 acuto

202 1696 423 1735 Detrudunt
441 1695 538 1732 navis
558 1695 710 1747 scopulo
728 1711 737 1734 ι
769 1696 862 1733 levat
874 1698 950 1747 ipse
970 1697 1118 1735 tridenti
1136 1714 1148 1744 ;

205 1763 260 1800 Et
279 1772 396 1800 vastas
416 1762 532 1812 aperit
547 1764 669 1813 syrtis,
697 1773 734 1801 et
754 1773 937 1814 temperat
957 1778 1120 1815 aequ0r;

205 1830 341 1881 Atque
361 1830 450 1867 rotis
470 1843 622 1868 summas
650 1830 788 1868 levibus
807 1831 1006 1882 perlabitur
1025 1833 1150 1869 undas.

206 1899 285 1942 Ac,
314 1897 425 1934 veluti
445 1903 578 1948 magno
596 1897 631 1933 in
652 1897 788 1948 populo
808 1912 920 1948 quum
935 1912 1039 1948 saepe
1058 1907 1184 1936 coorta
1203 1908 1258 1938 est:

211 1963 365 2009 Seditio,
393 1963 576 2013 saevitque
596 1963 719 2000 animis
739 1964 900 2015 ignobile
919 1965 1061 2016 volgus,

207 2030 361 2080 Jamque
381 2029 477 2067 faces
496 2038 533 2066 et
553 2043 636 2067 saxa
655 2029 776 2067 volant
792 2046 803 2076 ;
824 2029 926 2067 furor
942 2045 1039 2068 arma
1050 2031 1253 2071 ministrat:

206 2096 320 2139 Tum,
339 2095 474 2146 pietate
488 2109 634 2146 gravem
653 2109 694 2132 ae
711 2095 845 2132 meritis
865 2096 892 2133 si
907 2096 1002 2134 forte
1020 2097 1133 2134 virum
1149 2112 1256 2148 quem
1293 2117 1297 2121 ⁴
1317 2109 1319 2111 “

206 2161 453 2215 Conspexere,
481 2160 599 2209 silent,
628 2162 854 2214 adrectisque
873 2163 1020 2215 auribus
1039 2164 1210 2211 adstant3
