1493 2605
156 290 296 342 4:187.
434 300 780 340 GEORGICON
836 301 912 339 1v4
1127 279 1221 343 105*

155 413 379 456 Admonuit,
398 421 476 449 turn
497 421 595 450 tecta
613 421 758 462 petunt,
778 422 857 450 tum
872 426 1024 464 corpora
1044 425 1197 460 curant3

157 479 218 526 Eit
238 472 637 529 sonitus,‘mussantque
651 493 730 516 oras
749 488 787 516 et
801 479 928 516 limina
940 479 1089 521 circum.

156 545 258 589 Post,
287 545 348 582 ubi
361 547 435 596 jam
454 546 619 582 thalamis
641 560 677 583 se
696 560 945 596 composuere,
966 545 1091 584 siletur

155 612 199 648 In
219 620 377 655 noctem,
397 611 580 663 fessosque
601 626 710 662 sopor
731 626 814 649 suus
834 616 993 663 occupat
1012 621 1124 652 artus.

207 679 287 716 Nec
306 693 389 715 vero
409 693 429 716 a
444 679 606 722 stabulis,
626 679 745 728 pluvia
764 679 1008 729 impendente,
1021 679 1194 718 recedunt
1230 698 1234 700 *

153 745 333 795 Longius,
356 754 420 782 aut
439 746 590 783 credunt
610 745 712 782 coelo
732 745 1008 783 adventantibus
1032 745 1141 783 Euris
1158 761 1168 783 :

154 812 227 849 Sed
245 812 380 850 circum
400 812 585 851 tutae-sub
606 811 792 849 moenibus
815 812 913 849 urbis
933 822 1124 863 aquantur,

152 879 409 928 Excursu'sque
428 879 546 916 brevis
564 884 719 922 tentant,
740 887 777 915 et
799 892 903 928 saepe
921 878 1077 928 lapillos,

151 946 209 982 Ut
228 946 378 994 cymbae
393 944 587 990 instabiles,
608 946 723 982 fluctu
738 948 913 996 jactante,
934 946 1130 990 saburram,

150 1012 305 1049 Tollunt
324 1029 334 1057 ;
363 1012 417 1048 his
437 1026 512 1049 sese
532 1026 596 1062 per
615 1012 730 1048 inania
749 1011 869 1048 nubila
887 1012 1033 1051 librant,

203 1079 313 1116 Illum
331 1080 421 1115 adeo
441 1078 615 1127 placuisse
635 1078 763 1127 apibus
783 1078 955 1117 mirabere
975 1094 1127 1126 morem,

149 1146 260 1195 Quod
282 1159 346 1182 nec
365 1145 564 1181 concubitu
582 1144 786 1194 indulgent,
807 1159 871 1182 nec
888 1159 1042 1196 corpora
1062 1161 1189 1199 segnes

149 1212 192 1248 In
211 1212 389 1250 Venerem
408 1210 564 1254 solvunt,
583 1219 646 1247 aut
666 1210 763 1247 fetus
783 1211 926 1248 nixibus
945 1214 1058 1250 edunt
1075 1229 1085 1257 ς

148 1279 285 1315 Verum
303 1278 400 1329 ipsae
418 1292 437 1314 e
457 1276 550 1313 foliis
570 1286 688 1321 natos,
707 1286 743 1313 ct
764 1277 930 1315 suavibus
950 1279 1084 1323 herbis,

147 1344 223 1382 Ore
241 1344 367 1395 legunt
385 1361 394 1390 ;
423 1344 519 1393 ipsae
538 1358 661 1395 regem
681 1358 882 1394 parvosque
903 1345 1067 1395 Quirites

147 1410 354 1454 Sufficiunt,
374 1410 543 1460 aulasque
563 1419 599 1447 et
620 1423 721 1447 cerea
739 1425 850 1461 regna
868 1411 1065 1462 refingunt.

147 1478 262 1527 Saepe
281 1476 388 1514 etiam
404 1477 500 1513 duris
519 1477 670 1514 errando
690 1478 724 1514 in
745 1478 888 1514 cotibus
906 1478 978 1514 alas

144 1544 346 1587 Attriverc,
361 1543 530 1593 ultroque
545 1544 696 1580 animam
717 1546 782 1582 sub
803 1544 901 1581 fasce
920 1545 1051 1582 dedere
1069 1560 1079 1583 τ

144 1610 287 1648 Tantus
307 1624 405 1647 amor
424 1611 567 1654 florum,
587 1620 624 1647 et
644 1612 835 1662 generandi
855 1612 972 1662 gloria
991 1613 1102 1650 mellis
1121 1617 1131 1650 !

144 1677 264 1728 Ergo,
283 1677 377 1727 ipsas
397 1678 557 1727 quamvis
585 1677 729 1728 angusti
749 1678 921 1714 terminus
941 1678 1017 1715 aevi

143 1744 330 1793 Excipiat,
359 1758 474 1793 neque
493 1743 587 1780 enim
606 1744 686 1793 plus
706 1745 858 1793 septima
878 1744 1025 1781 ducitur
1043 1754 1156 1797 aestas
1174 1761 1185 1790 ς

141 1810 202 1846 At
221 1824 334 1860 genus
352 1810 554 1847 immortale
574 1820 706 1854 manet,
727 1810 932 1860 multosque
952 1825 1016 1860 per
1034 1824 1144 1848 annos

143 1877 228 1913 Stat
250 1878 413 1914 Fortuna
432 1878 573 1921 domus,
592 1878 630 1914 et
649 1877 704 1913 av'i
723 1887 956 1914 numerantur
974 1891 1133 1915 avorum.

195 1944 402 1987 Praeterea,
422 1958 543 1995 regem
564 1958 634 1980 non
655 1945 704 1981 sic
725 1944 929 1995 Aegyptos
948 1953 985 1981 et
1004 1944 1130 1995 ingens

110 2042 115 2047 .
140 2010 276 2060 Lydia,
288 2025 353 2047 nec
365 2011 492 2060 populi
504 2011 736 2055 Parthorum,
748 2021 810 2048 aut
823 2011 958 2048 Medus
973 2012 1185 2062 Hydaspes,

141 2076 358 2113 observant.
406 2078 510 2129 Rege
524 2078 707 2123 incolumi,
724 2093 822 2116 mens
836 2079 1003 2116 omnibus
1019 2093 1087 2116 una
1102 2088 1156 2117 est
1172 2085 1197 2123 ;'

143 2141 310 2188 Amisso,
330 2156 458 2193 rupere
478 2144 598 2188 fidem,
618 2154 900 2195 constructaque
920 2146 1023 2185 mella

138 2207 334 2257 Diripuere
353 2209 463 2260 ipsae,
483 2221 519 2250 et
540 2222 657 2251 crates
678 2212 812 2251 solvere
831 2212 1015 2251 favorum0‘

192 2274 308 2313 Toni.
331 2277 364 2314 I.
665 2279 700 2316 O
