1529 2693
195 313 227 337 v.
249 298 313 337 31.
527 293 766 334 ECLOGA
824 294 897 332 IV.
1195 298 1244 336 15

195 407 317 446 Pauca
335 414 455 443 tamen
475 405 648 442 suberunt
667 404 803 455 priscae
821 403 972 456 vestigia
989 403 1138 450 fraudis,

194 475 301 524 Quae
318 479 456 510 tentare
476 471 628 508 Thetim
647 470 797 514 ratibus,
817 484 908 520 quae
926 471 1071 522 cingere
1090 471 1202 511 muris

193 539 358 589 Oppida,
376 552 467 588 quae
482 538 631 588 jubeant
650 536 768 574 telluri
787 537 957 576 infindere
977 538 1108 577 sulcos.

192 605 307 644 Alter
324 605 391 642 erit
409 614 488 642 tum
508 604 668 655 Tiphys,
687 613 724 641 et
743 603 855 641 altera
873 618 965 655 quae
983 606 1088 644 vehat
1106 608 1220 658 Argo

192 671 371 709 Delectos
390 671 516 708 heroas
533 688 541 711 ι
571 681 677 708 erunt
696 671 804 707 etiam
824 670 935 708 altera
952 671 1058 717 bella,

191 735 326 787 Atque
340 737 469 774 iterum
484 737 530 773 ad
546 736 697 788 Trojam
718 750 868 787 magnus
883 737 1049 775 mittetur
1062 738 1241 778 Achilles.

193 801 312 847 Hinc,
330 803 391 840 ubi
406 806 479 855 jam
498 803 637 840 firmata
657 803 770 839 virum
790 811 828 839 te
848 802 974 841 fecerit
992 814 1105 850 aetas,

196 869 315 908 Cedet
334 879 371 907 et
389 870 465 920 ipse
483 869 570 906 mari
590 878 715 906 vector
731 886 742 915 ;
771 882 836 906 nec
856 870 998 907 nautica
1016 871 1122 920 pinus

193 934 360 973 Mutabit
378 949 513 972 merces
530 950 540 973 ε
568 935 683 972 omnis
702 933 793 972 feret
812 935 931 972 omnia
948 936 1068 973 tellus,

193 1001 280 1040 Non
294 1011 426 1039 rastros
445 1002 604 1052 patietur
617 1001 764 1044 humus,
781 1015 851 1038 non
867 1002 967 1039 vinea
984 1002 1138 1050 falcem3

194 1067 387 1106 Robustus
406 1081 551 1117 quoque
567 1070 640 1117 jam
659 1067 770 1104 tauris
785 1069 874 1118 juga
893 1067 1007 1106 solvet
1025 1078 1156 1108 arator.

198 1134 279 1173 Nec
300 1134 412 1170 varios
431 1133 544 1170 discet
567 1133 707 1170 mentiri
726 1132 805 1169 lana
824 1132 963 1171 colores
979 1148 990 1172 t

192 1199 280 1249 Ipse
299 1199 360 1236 sed
379 1200 413 1235 in
434 1199 545 1249 pratis
564 1198 652 1235 aries
675 1200 748 1249 jam
768 1212 873 1236 suave
894 1200 1038 1237 rubenti

191 1266 351 1310 Murice,
366 1269 441 1318 jam
463 1278 591 1302 croceo
610 1264 766 1302 mutabit
789 1263 916 1302 vellera
935 1266 1015 1303 luto
1033 1282 1047 1312 ς

194 1333 335 1383 Sponte
355 1346 418 1369 sua
437 1332 575 1381 sandyx
596 1331 775 1381 pascentis
795 1332 922 1369 vestiet
941 1345 1069 1383 agnos,

191 1398 301 1436 Talia
321 1397 449 1442 saecla,
469 1397 540 1435 suis
559 1397 742 1442 dixerunt,
764 1398 911 1442 currite,
931 1397 1019 1435 fusis

193 1464 403 1503 Concordes
423 1463 540 1501 stabili
559 1463 716 1501 fatorum
732 1464 874 1501 numine
893 1478 1035 1514 parcae.

229 1530 454 1581 Aggredere
468 1544 491 1567 o
504 1543 667 1582 magnos,
681 1530 796 1567 aderit
811 1532 885 1581 jam
905 1539 1062 1580 tempus,
1080 1529 1248 1579 honores,

194 1596 288 1636 Cara
308 1597 412 1635 deum
432 1597 589 1640 suboles,
610 1611 781 1648 magnum
801 1598 900 1635 Jovis
919 1598 1206 1637 incrementum!

193 1663 361 1712 Adspice
380 1677 542 1700 convexo
562 1673 748 1701 nutantem
767 1664 924 1714 pondere
939 1664 1130 1708 mundum,

197 1727 418 1778 Terrasque‚
431 1739 641 1780 tractusque
654 1730 771 1775 maris,
784 1729 997 1780 coelumque
1009 1730 1249 1780 profundum:

196 1796 379 1846 Adspice,
400 1805 550 1833 venturo
569 1796 747 1833 laetentur
765 1806 806 1834 ut
824 1797 943 1833 omnia
962 1797 1090 1835 saeclo.

196 1861 233 1900 O
253 1861 339 1898 mihi
360 1870 433 1899 tam
454 1862 582 1913 longae
596 1872 735 1900 maneat
756 1877 837 1913 pars
858 1863 984 1901 ultima
1004 1864 1112 1909 vitae,

199 1928 356 1978 Spiritus
373 1938 424 1973 et,
444 1937 618 1979 quantum
639 1938 692 1966 sat
711 1930 779 1967 erit
799 1940 862 1967 tua
881 1931 999 1969 dicere
1017 1931 1114 1969 facta
1137 1936 1146 1971 !

196 1995 282 2033 Non
303 2008 359 2032 me
378 1995 593 2033 carminibus
611 1995 728 2033 vincet
749 2010 813 2034 nec
834 1997 1016 2036 Thracius
1037 1999 1225 2049 Orpheus,

198 2061 278 2099 Nec
307 2061 449 2108 Linus;
477 2062 561 2100 huic
581 2073 696 2100 mater
715 2064 889 2114 quamvis,
917 2074 1025 2115 atque
1044 2066 1128 2104 huic
1148 2076 1252 2116 pater

198 2126 340 2176 Orphei
359 2128 557 2179 Calliopea,
579 2129 675 2166 Lino
696 2129 873 2168 formosus
893 2131 1051 2181 Apollo.
1122 2132 1251 2184 [adsit2

199 2192 275 2230 Pan
293 2194 414 2240 etiam,
433 2195 597 2234 Arcadia
616 2209 757 2234 mecum
777 2196 805 2235 si
820 2197 943 2248 judice
962 2206 1091 2242 certet,
