1493 2605
349 396 393 435 P.
422 393 680 435 VIRGILII
715 375 981 433 MARONIS

190 545 254 601 A
321 539 383 598 E
450 540 520 598 N
586 539 648 597 E
714 542 757 600 J
819 538 892 596 D
961 542 1025 602 Ο
1102 538 1142 594 S

531 705 710 747 LIBER
766 705 801 743 1.

147 1001 248 1038 ILLE
271 1013 357 1050 ego,
384 998 447 1049 qui
467 998 650 1048 quondam
678 997 804 1049 gracili
824 998 1033 1036 modulatus
1053 1012 1160 1037 avena

143 1068 311 1110 Carmen,
340 1076 392 1110 et,
419 1078 585 1116 egressus
605 1063 846 1114 silvis,·vicina
867 1065 974 1117 coe'gi

143 1135 204 1172 Ut
221 1133 381 1183 quamw's
400 1132 504 1168 avido
523 1140 690 1181 parerent
720 1144 802 1167 arva
821 1131 950 1168 colono
969 1147 981 1177 ;

143 1202 303 1240 Gmtum
323 1212 416 1249 opus
435 1198 626 1250 agricolis:
659 1207 695 1235 at
714 1212 809 1235 nunc
828 1197 1011 1236 horrentia
1034 1198 1166 1236 Martis

141 1472 276 1509 ARMA
297 1471 484 1519 virumque
504 1482 608 1513 cano,
629 1467 764 1520 Trojae
783 1468 845 1518 qui
863 1468 999 1518 primus
1017 1469 1062 1506 ab
1081 1469 1152 1506 oris
1196 1505 1199 1507 .

142 1538 300 1581 Italiam,
320 1536 397 1574 fato
416 1536 613 1587 profugus,
642 1535 795 1572 Lavinia
813 1535 909 1573 venit

141 1605 291 1643 Littera
308 1618 318 1641 z
349 1602 504 1640 multum
523 1602 582 1639 ille
602 1613 639 1639 et
659 1602 762 1639 terris
776 1604 936 1654 jactatus
954 1612 993 1640 et
1012 1603 1101 1649 alto,

142 1671 192 1708 Vi
212 1670 393 1720 superfim,
422 1682 543 1706 saevae
563 1683 758 1706 memorem
776 1670 798 1706 J
802 1669 927 1705 unonis
946 1670 994 1706 ob
1013 1670 1114 1707 iram.

141 1736 268 1774 Multa
286 1749 433 1786 quoque
447 1744 484 1772 et
496 1734 592 1772 ber
607 1749 746 1785 passus,
766 1735 853 1772 dum
867 1737 1040 1774 conderet
1053 1737 1192 1784 urbem,

145 1802 374 1852 Inferretque
395 1802 481 1839 deos
504 1801 615 1840 Latio
631 1817 642 1847 ;
671 1816 787 1853 genus
806 1802 900 1840 unde
921 1803 1112 1850 Latinum,

148 1868 357 1918 Albanique
377 1878 512 1919 patres,
540 1878 650 1918 atque
669 1867 761 1906 altae
780 1869 919 1906 moenia
940 1870 1094 1908 Romae.

197 1934 321 1979 Musa,
351 1935 439 1972 mihi
458 1948 600 1973 caussas
619 1949 788 1980 memora,
817 1949 890 1986 quo
921 1937 1064 1974 numine
1082 1937 1193 1983 laeso,

145 2001 289 2050 Quidve
308 2001 447 2046 dolens,
467 2002 590 2053 regina
623 2002 727 2041 defim
747 2012 805 2040 tot
824 2002 966 2040 volvere
985 2016 1087 2042 casus

147 2067 330 2117 Insignem
348 2067 485 2118 pietate
505 2069 630 2113 virum,
659 2079 717 2107 tot
738 2069 834 2107 adire
853 2069 1007 2114 labores,

148 2133 338 2183 Impulerit
356 2150 365 2172 :
397 2144 564 2174 tantaene
582 2136 706 2174 animis
725 2137 940 2175 coelestibus
960 2138 1031 2175 irae
1047 2139 1062 2177 ἒ

199 2200 302 2238 Urbs
322 2200 470 2253 antiqua
488 2202 571 2249 fuit,
601 2203 708 2253 Tyrii
736 2213 882 2243 tenuere
900 2204 1034 2249 coloni,
