1493 2605
184 288 234 325 58
477 282 821 323 GEORGICON
879 283 934 322 ΙΙ.
1123 297 1156 321 v.
1189 284 1248 323 18.

189 385 245 423 Ut
268 383 396 421 cerasis
418 382 592 433 ulmisque
611 398 619 419 ε
651 383 758 420 etiam
782 382 948 420 Parnasia
968 380 1088 419 laurus

187 452 301 490 Parva
322 451 388 486 sub
408 450 544 501 ingenti
567 449 690 485 matris
710 463 746 486 se
767 448 911 499 subjicit
933 448 1070 486 umbra.

187 519 274 557 Hos
297 519 437 555 Natura
458 517 583 553 modos
606 515 759 565 primum
779 514 904 552 dedit:
936 515 990 551 his
1010 529 1124 566 genus
1144 530 1249 554 omne

188 584 377 627 Silvarum,
395 584 653 632 fruticumque,
669 581 771 626 viret,
784 595 1042 630 nemorumque
1054 595 1248 621 sacrorum.

243 651 338 687 Sunt
359 649 430 693 alii,
451 663 542 699 quos
563 649 637 698 ipse
658 649 711 685 via
732 649 798 685 sibi
820 648 950 698 reperit
973 662 1070 685 usus.

187 716 266 755 Hic
289 715 440 766 plantas,
469 725 593 752 tenero
613 715 822 752 abscindens
843 715 887 751 de
907 728 1060 765 corpore
1080 723 1249 758 matrum,

189 783 375 832 Deposuit
397 781 530 820 sulcis:
567 782 625 819 hic
646 781 775 832 stirpes
794 781 917 818 obruit
938 795 1038 825 arvo,

193 847 501 899 Quadrifidasque
523 848 628 884 sudes
653 859 689 885 et
710 858 819 885 acuto
844 848 972 884 robore
993 846 1129 885 vallos:

192 916 442 966 Silvarumque
462 915 550 952 aliae
570 929 711 966 pressos
731 915 943 966 propaginis
963 927 1066 952 arcus

189 984 432 1033 Exspectant,
452 991 487 1019 ct
507 982 585 1018 viva
610 996 671 1018 sua
690 981 865 1032 plantaria
884 990 976 1018 terra
992 996 1001 1019 :

189 1048 255 1088 Nil
275 1048 403 1085 radicis
421 1056 530 1098 egent
547 1046 647 1090 aliae,
667 1060 920 1096 summumque
941 1055 1093 1097 putator

190 1114 307 1153 Haud
327 1113 471 1150 dubitat
492 1123 607 1150 terrae
627 1112 781 1150 referens
802 1113 970 1150 mandare
989 1127 1175 1152 cacumen.

189 1182 290 1232 Quin
310 1190 347 1218 et
367 1180 576 1217 caudicibus
596 1181 716 1224 sectis,
733 1180 892 1218 mirabile
907 1180 1036 1219 dictu!

190 1247 375 1285 Truditur
393 1261 412 1283 e
434 1246 530 1284 sicco
549 1247 649 1283 radix
671 1246 835 1298 oleagina
852 1247 967 1299 ligno.

191 1315 246 1352 Et
266 1328 371 1363 saepe
392 1313 537 1350 alterius
557 1326 672 1350 ramos
691 1313 838 1363 impune
858 1313 1019 1350 videmus

190 1381 344 1418 Vertere
364 1379 397 1415 in
420 1379 579 1423 alterius,
607 1389 856 1430 mutatamque
875 1380 981 1417 insita
1001 1379 1093 1416 mala

192 1447 301 1485 Ferre
321 1446 452 1496 pirum,
472 1455 507 1482 et
529 1446 651 1495 prunis
671 1445 831 1495 lapidosa
850 1446 1039 1483 rubescere
1058 1459 1180 1483 corna.

246 1514 369 1563 Quare
388 1513 499 1563 agite,
519 1526 541 1548 o
562 1512 727 1562 proprios
746 1512 946 1563 generatim
966 1512 1093 1550 discite
1116 1511 1252 1558 cultus,

195 1578 398 1630 Agricolae
417 1581 425 1616 !
459 1577 673 1629 fructusque
694 1579 789 1615 feros
805 1578 943 1616 mollite
963 1578 1116 1616 colendo
1134 1594 1146 1623 ;

193 1645 277 1684 Neu
298 1659 424 1696 segnes
438 1647 581 1696 jaceant
601 1654 730 1683 terrae.
786 1646 896 1683 Juvat
917 1647 1052 1683 Ismara
1077 1645 1228 1682 Baccho

195 1712 405 1755 Consereoe,
424 1721 535 1762 atque
553 1711 631 1748 olea
649 1725 820 1764 magnum
839 1711 969 1749 vestire
986 1711 1217 1749 Taburnum.

192 1778 328 1827 Tuque
348 1778 445 1822 ades,
465 1778 723 1829 inceptumque
743 1792 813 1815 una
831 1778 981 1815 decurre
999 1777 1174 1822 laborem,

196 1844 232 1882 Ο
254 1845 366 1881 decus
384 1848 392 1882 !
425 1859 447 1881 o
467 1845 582 1882 famae
602 1844 731 1882 merito
751 1858 834 1895 pars
852 1844 1008 1881 maxima
1027 1852 1184 1889 nostrae,

195 1909 390 1948 Maecenas
409 1913 416 1948 !
450 1910 656 1962 pelagoque
676 1911 797 1949 volens
816 1912 862 1948 da
881 1910 957 1948 vela
976 1909 1133 1960 patenti.

198 1976 282 2014 Non
304 1990 375 2027 ego
395 1986 530 2014 cuncta
550 1977 636 2014 meis
656 1977 825 2029 amplecti
845 1977 1006 2014 versibus
1024 1985 1116 2025 opto
1135 1989 1146 2019 ς

196 2042 297 2086 Non,
318 2044 408 2080 mihi
429 2044 457 2081 si
477 2043 620 2095 linguae
642 2053 789 2082 centum
809 2044 894 2086 sint,
914 2056 1049 2092 oraque
1067 2051 1227 2087 centum,

198 2109 330 2146 Ferrea
350 2124 444 2148 vox:
475 2111 574 2155 ades,
593 2120 630 2148 et
649 2110 755 2161 primi
774 2109 856 2161 lege
875 2108 1009 2146 littoris
1028 2121 1126 2145 oram
1144 2123 1155 2153 ;

199 2176 244 2212 In
266 2177 436 2215 manibus
452 2186 568 2215 terrae
587 2192 596 2215 ι
627 2191 698 2215 non
719 2176 779 2215 hic
800 2185 836 2214 te
855 2175 1009 2215 carmine
1028 2175 1131 2218 ficto,
