1529 2693
220 306 247 342 6
582 303 892 344 BUCOLICA.
1150 318 1184 341 v.
1205 306 1270 344 23.

218 415 350 455 Canto,
370 412 461 464 'quac
482 414 622 459 solitus,
642 415 668 451 si
689 415 832 464 quando
852 423 1009 451 armenta
1030 415 1196 459 vocabat,

218 480 408 530 Amphion
431 481 609 518 Dircaeus
630 482 663 517 in
685 483 833 518 Actaeo
855 480 1090 530 Aracyntho.

218 544 298 582 Nec
319 560 395 582 sum
415 547 503 583 adeo
533 547 694 584 informis
712 562 722 591 ;
753 560 939 596 nupcrme
961 547 993 583 in
1015 546 1136 583 littore
1156 545 1240 590 vidi,

217 614 311 650 Cum
328 612 506 662 placidum
521 613 634 650 ventis
648 622 757 650 staret
774 627 887 650 mare:
910 627 978 649 non
991 627 1061 664 ego
1078 612 1268 663 Daphnin,

216 678 345 716 Judice
365 690 414 722 tc,
437 689 606 724 metuam,
628 679 654 716 si
675 694 871 729 numquam
891 679 990 716 fallat
1010 680 1143 731 imago.

269 745 306 782 O
328 755 468 782 tantum
488 745 597 782 libeat
626 760 765 783 mecum
786 746 851 783 tibi
873 746 1015 782 sordida
1033 759 1115 784 rura

216 813 350 862 Atque
371 812 514 849 humilis
533 813 693 850 habitare
713 827 824 857 casas,
844 822 880 850 et
897 813 1006 864 sigere
1027 827 1163 857 cervos,

217 879 506 930 Haedorumque
526 893 674 930 gregem
697 879 796 916 viridi
816 879 1030 930 compellere
1050 879 1212 917 hibisco!

216 945 368 984 Mecum
388 959 455 982 una
476 945 509 982 in
530 945 624 982 silvis
641 946 824 984 imitabere
846 947 943 984 Pana
962 946 1136 985 canendo.

218 1012 293 1050 Pan
315 1013 450 1062 primus
468 1011 622 1050 calamos
642 1027 721 1050 cera
739 1015 960 1063 conjungere
981 1011 1093 1062 pluris

218 1080 385 1119 Instituit
403 1095 414 1124 ;
445 1080 519 1116 Pan
539 1089 641 1116 curat
660 1079 748 1124 ovis,
768 1079 961 1129 oviumque
981 1078 1196 1130 magistros:

217 1147 299 1186 Nec
319 1156 356 1184 te
375 1146 556 1196 poeniteat
576 1146 712 1184 calamo
733 1146 870 1184 trivisse
889 1146 1072 1184 labellum.

218 1213 325 1252 Haec
344 1214 466 1251 eadem
487 1222 527 1250 ut
547 1213 667 1255 sciret,
683 1212 771 1262 quid
791 1227 861 1248 non
881 1212 1037 1251 faciebat
1053 1214 1269 1264 Amyntas?

218 1281 290 1318 Est
310 1280 395 1316 mihi
415 1279 617 1329 disparibus
635 1288 772 1329 septem
791 1288 981 1329 compacta
999 1280 1130 1317 cicutis

218 1345 371 1389 Fistula,
392 1345 594 1383 Damoetas
613 1346 709 1382 dono
730 1345 814 1382 mihi
835 1359 943 1395 quam
963 1346 1064 1383 dedit
1083 1345 1166 1382 olim
1184 1360 1195 1391 3

218 1412 271 1449 Et
291 1411 396 1454 dixit,
421 1411 572 1448 moriens
590 1426 599 1449 :
629 1412 688 1449 Te
709 1426 801 1449 nnnc
826 1412 936 1449 habet
956 1411 1023 1448 ista
1043 1411 1252 1449 secundum.

216 1478 326 1516 Dixit
347 1478 572 1516 Damoetas:
602 1478 727 1515 invidit
747 1478 880 1515 stultus
902 1480 1099 1529 Amyntas.

215 1545 407 1582 Praeterea
428 1545 514 1588 duo,
543 1558 607 1582 nec
627 1553 707 1581 tuta
727 1544 812 1580 mihi
832 1544 920 1582 valle
939 1545 1083 1594 reperti,

215 1610 398 1661 Capreoli,
417 1611 546 1661 sparsis
564 1611 671 1648 etiam
692 1625 783 1649 nunc
806 1610 957 1662 pellibus
977 1611 1074 1655 albo,

216 1677 308 1714 Bina
327 1677 384 1714 die
404 1678 540 1714 siccant
559 1678 634 1714 ovis
655 1678 763 1714 ubera
781 1692 790 1722 ;
821 1691 912 1727 quos
932 1677 999 1714 tibi
1019 1692 1133 1716 servo.

213 1745 293 1782 Jam
314 1743 453 1794 pridem
472 1757 492 1779 a
511 1757 566 1780 me
586 1743 664 1780 illos
684 1743 861 1780 abducere
880 1743 1071 1794 Thestylis
1090 1752 1196 1790 orat;

216 1810 269 1847 Et
291 1809 410 1853 faciet,
431 1810 602 1859 quoniam
620 1810 764 1846 sordent
783 1809 851 1846 tibi
870 1823 1016 1846 munera
1036 1818 1168 1849 nostra.

217 1875 308 1913 Huc
327 1877 422 1919 ades,
441 1889 463 1912 o
484 1875 639 1912 formose
659 1889 749 1924 puer
766 1878 774 1912 !
807 1876 872 1912 tibi
893 1873 964 1912 lilia
984 1875 1096 1925 plenis

217 1942 317 1978 Ecce
336 1944 344 1979 !
370 1941 489 1978 ferunt
506 1941 698 1991 Nymphae
714 1941 864 1978 calathis
879 1956 889 1986 ;
914 1941 980 1978 tibi
996 1941 1147 1978 candida
1163 1942 1266 1987 Nais,

218 2007 387 2045 Pallentis
405 2007 514 2044 violas
534 2017 571 2044 et
591 2020 727 2044 sumnia
748 2021 921 2056 papavera
944 2021 1106 2057 carpens,

217 2074 422 2112 Narcissum
443 2083 481 2110 et
502 2074 626 2110 ssorem
641 2073 764 2124 jungit
786 2074 874 2110 bene
894 2072 1024 2110 olentis
1044 2074 1164 2110 anethi
1182 2089 1192 2113 :

215 2138 329 2182 Tum,
349 2139 442 2176 casia
461 2149 568 2189 atque
589 2139 664 2176 aliis
685 2140 846 2176 intexens
867 2140 1033 2177 suavibus
1053 2140 1186 2186 herbis,

218 2204 347 2242 Mollia
364 2204 498 2243 luteola
517 2206 636 2258 pingit
657 2206 812 2244 vaccinia
831 2205 962 2243 cattha.
