1493 2605
158 252 209 289 23
529 251 841 293 Buooch.
1099 266 1132 289 v.
1155 254 1220 306 ιη,

160 360 289 411 Incipe
310 357 510 400 Maenalios
530 375 686 406 mecum,
706 375 783 399 mea
802 361 903 406 tibia,
923 376 1056 400 versus,

161 427 352 466 Maenalus
371 438 616 480 argutumque
637 442 761 466 nemus
785 428 960 479 pinosque
977 428 1159 480 loquentis

157 498 308 546 Semper
327 496 437 534 habet
454 511 463 533 ε
494 509 634 545 semper
663 505 849 545 pastorum
868 495 926 533 ille
949 496 1048 534 audit
1068 509 1218 541 amorem

157 562 343 613 Panaque,
363 563 425 614 qui
446 563 582 613 primus
601 562 756 600 calamos
775 577 844 600 non
866 576 990 613 passus
1004 563 1139 601 inertis.
1211 545 1216 556 ⁸

156 628 287 679 Incipe
307 628 508 667 Maenalios
526 642 683 674 mecum,
702 642 781 667 mea
800 629 902 673 tibia,
924 643 1058 668 versus,

156 693 295 746 Mopso
317 695 406 733 Nisa
425 696 534 733 datur
551 711 561 733 :
592 696 681 745 quid
701 709 771 733 non
793 709 976 746 speremus
995 704 1154 732 amantes
1172 695 1186 733 ἓ

154 762 364 812 Jungentur
377 763 452 812 jam
471 761 634 812 gryphes
653 762 754 812 equis
773 778 783 807 ;
812 775 972 813 aevoque
991 761 1156 813 sequenti

156 827 254 866 Cum
274 827 424 866 canibus
443 827 561 865 timidi
581 830 722 868 venient
743 829 788 866 ad
807 828 936 879 pocula
958 829 1095 867 damae.

154 893 307 945 Mopse,
327 907 437 932 novas
456 894 576 931 incide
597 893 692 934 faces
711 910 720 933 t
751 895 819 933 tibi
839 896 986 933 ducitur
1006 908 1111 934 uxor.

155 962 311 1014 Sparge,
325 962 466 1006 marite,
479 974 588 998 nuces
603 977 612 999 ι
634 961 701 998 tibi
715 961 846 1000 deserit
865 962 1057 1012 Hesperus
1071 962 1220 1001 Oetam.

155 1029 285 1079 Incipe
305 1028 509 1066 Maenalios
529 1042 684 1073 mecum,
705 1042 784 1066 mea
801 1028 904 1073 tibia,
922 1043 1058 1068 versus.

155 1095 193 1135 O
215 1095 328 1147 digno
348 1096 545 1147 conjuncta
565 1095 640 1145 viro
659 1098 667 1134 !
700 1096 787 1133 dum
807 1095 962 1146 despicis
980 1095 1111 1141 omnis,

154 1162 334 1212 Dumque
353 1161 422 1200 tibi
442 1171 497 1200 est
518 1162 602 1201 odio
618 1176 695 1201 mea
716 1162 849 1207 fistula,
871 1163 1029 1212 dumque
1046 1162 1217 1222 capellae·z

154 1229 430 1280 Hirsutumque
449 1228 694 1280 supercilium,
716 1229 962 1280 promissaque
980 1230 1091 1267 barba
1109 1245 1120 1276 ;

154 1295 236 1335 Nec
256 1309 382 1333 curare
402 1295 508 1334 desim
527 1296 643 1334 credis
667 1296 832 1334 monalia
850 1309 1084 1347 quemquam.

154 1363 286 1413 Incipe
306 1362 508 1401 Maenalios
528 1377 684 1406 mecum,
706 1377 782 1400 mea
802 1363 904 1407 tibia,
923 1376 1057 1400 versus.

155 1429 312 1480 Sepibus
330 1428 365 1466 in
387 1429 518 1467 nostris
538 1443 684 1479 parvam
705 1439 740 1466 te
760 1430 902 1467 roscida
922 1429 1026 1473 mala,

154 1497 248 1535 Dux
269 1510 342 1548 ego
361 1505 479 1534 vester
495 1510 605 1540 eram,
626 1496 696 1534 vidi
718 1511 802 1534 cum
823 1506 934 1534 matre
954 1496 1135 1548 legentem
1154 1512 1164 1535 ι

154 1564 270 1604 Alter
289 1565 334 1602 ab
355 1564 548 1602 undecimo
569 1574 648 1601 tum
667 1566 812 1616 mejam
832 1573 978 1614 ceperat
997 1579 1110 1603 annus
1128 1581 1139 1611 ;

152 1632 235 1669 Jam
255 1631 393 1683 fragilis
411 1640 577 1681 poteram
598 1644 618 1668 a
636 1640 732 1668 terra
750 1631 962 1683 contingere
982 1647 1112 1672 ramos.

153 1698 215 1736 Ut
234 1697 318 1742 vidi,
339 1706 381 1735 ut
400 1697 504 1748 perii,
525 1707 567 1735 ut
586 1711 643 1735 me
662 1697 776 1746 malus
795 1698 946 1736 abstulit
965 1713 1065 1738 error
1082 1703 1091 1738 !

156 1765 284 1815 Incipe
305 1763 506 1803 Maenalios
526 1778 682 1809 mecum,
702 1778 780 1803 mea
799 1765 904 1811 tibia,
924 1781 1057 1804 versus.

156 1832 268 1870 Nunc
289 1832 378 1875 scio,
398 1831 487 1883 quid
507 1833 554 1869 sit
575 1832 699 1869 Amor
716 1847 725 1869 ε
756 1832 854 1870 duris
874 1833 907 1870 in
929 1833 1073 1871 cotibus
1091 1834 1192 1873 illum

153 1899 241 1937 Aut
249 1900 420 1944 Tmaros,
433 1910 495 1936 aut
511 1899 708 1949 Rhodope,
720 1908 783 1937 aut
795 1900 948 1937 extremi
962 1900 1218 1947 Garamantes,

155 1965 237 2003 Nec
257 1967 400 2018 generis
420 1966 533 2004 nostri
553 1980 719 2017 puerum,
749 1980 813 2003 nec
833 1966 1028 2017 sanguinis,
1048 1968 1176 2006 edunt.
1215 1953 1218 1957 Δ

157 2031 284 2083 Incipe
305 2033 507 2072 Maenalios
526 2047 682 2078 mecum,
702 2047 781 2071 mea
800 2033 902 2078 tibia,
923 2047 1057 2072 versus.

159 2098 295 2138 Saevus
315 2101 439 2138 Amor
457 2100 584 2139 docuit
609 2109 803 2152 gnatorum
823 2101 995 2152 sanguine
1015 2110 1166 2139 matrem

158 2164 436 2223 §ommaculare
456 2181 581 2207 manus
599 2183 609 2207 z
639 2167 795 2206 crudelis
813 2176 855 2206 tu
875 2181 1022 2218 quoque
1041 2177 1181 2226 mater:-
