1493 2605
253 317 328 353 182
528 314 836 353 ‘AENEIDOS
894 314 974 353 ΠΙ.
1149 328 1181 354 ν.
1202 318 1288 356 159.

251 425 521 476 Imperiumque
541 425 618 462 urbi
639 426 818 462 dabimus.
848 426 911 462 Tu
933 425 1070 462 moenia
1090 426 1227 476 magnis

249 493 387 542 Mag-nu
407 506 503 542 para.
533 493 754 542 longumque
788 491 896 542 fugae
917 507 958 529 ne
978 492 1097 543 linque
1117 493 1287 531 laborem.

249 559 450 596 Mutandae
471 558 582 595 sedes,
614 559 697 595 Non
718 558 804 595 haec
825 558 891 595 tibi
913 557 1036 595 littora
1056 559 1166 597 suasit

248 625 393 667 Delius,
413 634 472 661 aut
494 626 624 662 Cretae
640 625 743 674 jussit
774 625 972 668 considere,
1002 625 1155 675 Apollo.

249 689 317 725 Est
337 689 451 732 locus,
477 689 691 740 Hesperiam
713 689 817 727 Graii
837 689 1051 740 cognomine
1071 691 1211 734 dicunt,

246 756 363 793 Terra
382 755 539 806 antiqua,
561 766 689 804 potens
709 755 826 799 armis,
847 765 956 805 atque
977 756 1083 793 ubere
1103 756 1231 808 glebae
1250 773 1259 795 :

246 824 401 862 Oenotri
423 823 564 861 coiuere
585 823 646 859 viri
666 837 674 860 :
707 836 799 859 nunc
822 821 928 866 fama,
948 823 1101 860 minores

245 891 385 930 Italiam
407 891 552 933 dixisse,
572 889 673 926 ducis
693 889 737 925 de
759 889 914 932 nomine,
934 898 1094 940 gentem.

244 959 330 996 Hae
348 958 450 994 nobis
470 956 632 1007 propriae
652 956 774 992 sedes:
807 955 889 992 hinc
911 956 1107 994 Dardanus
1127 966 1244 1002 ortus,

249 1023 434 1073 Iasiusque
455 1031 570 1072 pater,
591 1036 704 1072 genus
724 1035 743 1058 a
763 1036 836 1072 quo
857 1022 1018 1072 principe
1039 1033 1214 1062 nostrum.

247 1090 365 1140 Surge
385 1103 464 1140 age,
485 1098 521 1126 et
542 1089 628 1126 haec
649 1087 762 1126 laetus
784 1089 961 1139 longaevo
982 1089 1080 1127 dicta
1097 1090 1236 1140 parenti

244 1155 360 1193 Haud
372 1155 570 1192 dubitanda
583 1155 692 1192 refer:
708 1155 1120 1207 Corythum,terrasque
1133 1157 1294 1208 requirat.

244 1222 439 1260 Ausonias.
472 1222 628 1260 Dictaea
648 1235 756 1273 negat
777 1222 841 1259 tibi
862 1222 1006 1272 Jupiter
1024 1237 1118 1260 arva.

297 1289 451 1328 Talibus
470 1289 647 1326 attonitus
666 1289 761 1332 visis,
781 1302 821 1325 ac
843 1303 930 1326 voce
949 1290 1112 1333 deorum,

248 1357 349 1409 (Noc
370 1371 478 1406 sopor
497 1356 586 1394 illud
600 1368 674 1393 erat
692 1372 701 1400 ;
723 1356 783 1393 sed
803 1369 922 1393 coram
939 1369 1133 1407 agnoscere
1154 1355 1288 1404 vultus,

242 1423 461 1472 Velatasque
480 1437 613 1467 comas,
633 1422 902 1474 praesentiaque
921 1436 996 1466 ora,
1022 1423 1167 1460 videbar
1183 1438 1193 1461 :

243 1490 342 1527 Tum
363 1489 503 1540 gelidus
523 1498 604 1526 toto
626 1490 792 1526 manabat
814 1503 966 1540 corpore
987 1489 1118 1540 sudor)

242 1556 412 1605 Corripio
430 1570 449 1593 e
470 1556 591 1593 stratis
611 1570 756 1605 corpu3‚
785 1556 967 1607 tendoque
988 1556 1130 1605 supinas

241 1623 310 1663 Ad
330 1622 469 1660 coelum
491 1637 572 1659 cum
594 1637 682 1659 voce
702 1636 836 1666 manus,
857 1631 892 1659 ct
913 1635 1059 1659 munera
1079 1621 1152 1659 libo

242 1692 461 1728 Intemerata
480 1689 582 1727 focis.
615 1689 785 1727 Perfecto
804 1689 918 1726 laetus
938 1689 1088 1733 honore,

240 1757 432 1795 Anchisen
453 1756 546 1794 facio
565 1765 718 1800 certum,
738 1770 884 1807 remque
903 1756 1027 1793 ordine
1049 1756 1183 1805 pando.

240 1824 413 1874 Agnovit
434 1823 571 1873 prolem
592 1823 812 1874 ambiguam,
833 1823 1067 1873 geminosque
1083 1821 1240 1872 parentis
1259 1838 1270 1868 ς

243 1891 361 1940 Seque
381 1904 474 1926 novo
494 1899 652 1926 veterum
673 1890 867 1938 deceptum
886 1903 1004 1926 errore
1031 1888 1207 1927 locorum.

240 1956 339 1994 Tum
361 1965 534 1993 memorat
554 1971 562 1993 :
595 1956 705 1999 Nate,
731 1956 847 1993 iliacis
866 1956 1024 1993 exercite
1044 1954 1141 1999 fatis,

243 2022 328 2059 Sola
347 2022 433 2059 mihi
453 2022 534 2059 talis
555 2036 657 2059 casus
677 2023 877 2061 Cassandra
897 2023 1063 2059 canebat.

240 2090 351 2128 Nune
372 2099 512 2139 repeto,
528 2089 615 2125 haee
632 2089 755 2139 generi
771 2089 987 2138 portendere
1003 2087 1124 2125 debita
1138 2096 1261 2125 nostro
1274 2103 1288 2136 i

242 2156 293 2192 Et
315 2169 417 2205 saepe
440 2155 673 2205 Hesperiam,
701 2169 805 2205 saepe
836 2154 926 2192 Itala
946 2168 1070 2206 regna,
1092 2168 1232 2194 vocare.

242 2222 315 2258 Sed
335 2221 412 2272 quis
433 2223 478 2259 ad
498 2221 698 2272 Hesperiae
718 2232 888 2260 venturos
907 2221 1032 2260 littora
1052 2221 1218 2260 Teucros
