1493 2605
226 286 300 322 112
488 285 849 334 -oEoRmcoN
905 287 976 325 1v.
1128 295 1165 324 v:
1180 290 1274 327 3832

221 397 379 434 Centum
401 411 491 449 quae
512 398 628 442 silvas,
656 409 798 436 centum
820 414 911 450 quae
937 400 1080 438 flumina
1101 411 1241 440 servant
1256 408 1271 447 ς’

224 463 304 500 Ter
320 463 458 512 liquido
478 465 661 502 ardentem
685 465 844 515 perfudit
873 477 1014 505 nectare
1035 468 1185 505 Vestam
1203 481 1214 506 z

220 528 298 566 Ter
317 531 457 567 flamma
477 532 521 568 ad
542 546 719 569 summum
740 533 828 570 tecti
850 534 1010 585 subjecta
1029 534 1176 572 reluxit.

221 596 355 633 Omine
375 611 448 646 quo
468 597 610 634 firmans
630 598 800 642 animum,
821 599 870 636 sic
890 600 1017 650 incipit
1037 600 1114 650 ipsa
1132 615 1142 638 ε

274 664 343 701 Est
365 664 397 701 in
419 665 621 713 Carpathio
642 665 805 715 Neptuni
826 666 974 718 gurgite
995 676 1106 711 vates,

220 730 414 768 Caeruleus
435 732 601 775 Proteus,
621 746 790 783 mag-num
812 732 873 783 qui
902 733 1060 783 piscibus
1079 747 1215 785 aequor

222 796 271 832 Et
287 799 415 847 juncto
435 798 606 848 bipedum
627 813 734 836 curru
755 799 903 836 metitur
921 814 1111 850 equorum.

220 861 299 900 Hic
319 878 412 902 nunc
436 865 628 903 Emathiae
648 875 776 916 portus
797 866 1018 916 patriamque
1036 867 1156 904 revisit

218 928 412 969 Pallenen:
445 932 540 968 hunc
559 941 595 969 et
622 932 816 982 Nymphae
837 947 1057 977 veneramur,
1081 944 1119 972 et
1138 935 1214 985 ipse

218 996 453 1035 Grandaevus
477 999 639 1043 Nerous;
660 1000 758 1036 novit
775 1013 928 1050 namque
946 1001 1064 1038 omnia
1084 1011 1196 1046 vates,

217 1064 322 1111 Quae
334 1065 419 1107 sint,
432 1079 523 1113 quae
535 1065 779 1116 fuerint‚qnae
793 1080 876 1103 mox
892 1075 1038 1104 ventura
1051 1068 1240 1106 trahantur
1253 1086 1265 1117 ς

215 1130 365 1180 Quippe
384 1131 433 1167 ita
455 1131 632 1181 Neptuno
653 1133 764 1169 visum
784 1143 852 1170 est.
872 1133 1038 1171 immania
1057 1137 1158 1187 cujus

214 1198 398 1235 Armenta
416 1208 451 1236 et
469 1198 585 1249 turpis
605 1199 719 1250 pascit
739 1200 805 1237 sub
823 1200 971 1252 gurgite
992 1201 1141 1250 phocas.

214 1264 293 1301 Hic
312 1265 393 1309 tibi,
413 1275 508 1310 nate,
535 1266 632 1316 prins
652 1266 776 1303 vinclis
795 1267 1008 1317 capiundus,
1029 1276 1070 1304 ut
1089 1282 1235 1308 omnem

212 1330 398 1380 Expediat
418 1333 533 1370 morbi
554 1346 729 1377 caussam,
747 1343 967 1384 eventusque
987 1335 1170 1372 secundet.

216 1396 310 1434 Nam
333 1398 406 1434 sine
426 1398 458 1434 vi
480 1413 549 1435 non
572 1399 641 1436 ulla
662 1400 763 1437 dabit
783 1410 987 1451 praecepta,
1009 1415 1126 1452 neque
1144 1401 1243 1440 illum

215 1463 366 1501 Orando
391 1466 539 1511 flectas:
570 1467 639 1503 vim
661 1468 785 1504 duram
804 1477 840 1505 et
861 1467 998 1505 vincula
1019 1479 1128 1519 capto

213 1531 340 1568 Tende
355 1547 364 1569 :
387 1532 461 1568 doli
477 1533 613 1570 circum
628 1533 717 1571 haec
734 1535 876 1571 demum
893 1533 1109 1586 frangentur
1127 1537 1258 1575 inanes.

212 1599 300 1647 Ipsa
318 1613 390 1650 ego
409 1609 459 1643 te,
479 1600 616 1637 medios
637 1614 747 1652 quum
771 1601 835 1639 Sol
854 1603 1058 1640 accenderit
1077 1613 1209 1645 aestus,

212 1665 336 1714 Quum
350 1665 476 1703 sitiunt
487 1657 673 1711 herbae‚et
686 1668 888 1719 pecorijarn
903 1669 1043 1720 gratior
1053 1670 1178 1707 umbra
1190 1679 1258 1717 est,

210 1732 255 1768 In
276 1741 412 1769 secreta
428 1733 522 1771 senis
540 1733 684 1777 ducam,
705 1748 778 1784 quo
798 1734 911 1772 fessus
930 1737 974 1775 ab
995 1736 1099 1773 undis

209 1797 258 1835 Se
275 1798 403 1848 recipit
422 1814 433 1843 ;
464 1798 567 1836 facile
587 1809 628 1837 ut
648 1814 773 1842 somno
793 1802 1004 1853 aggrediare
1018 1804 1210 1853 jacentem.

206 1863 359 1908 Verum,
387 1865 449 1902 ubi
469 1875 677 1916 correptum
696 1867 859 1905 manibus
879 1868 1075 1919 vinclisque
1102 1870 1254 1915 tenebis,

205 1927 308 1966 Tum
328 1930 444 1968 variae
461 1930 610 1968 eludent
629 1933 766 1981 species
786 1944 899 1983 atque
917 1948 980 1970 ora
1000 1934 1154 1972 ferarum
1172 1951 1181 1973 ε

207 1994 290 2032 Fiet
308 1995 401 2033 enim
422 1997 544 2034 subito
563 2011 622 2035 sus
641 1997 821 2043 horridus,
845 2010 994 2050 atraque
1011 2000 1128 2052 tigris,

207 2061 502 2113 Squamosusque
520 2064 644 2109 draco,
667 2075 704 2102 et
726 2065 822 2102 fulva
841 2066 979 2103 cervice
997 2065 1117 2103 leaena
1135 2083 1144 2112 ;

202 2128 289 2164 Aut
309 2141 426 2166 acrem
447 2129 607 2168 flammae
627 2133 785 2169 sonitum
805 2132 920 2176 dabit,
941 2142 1051 2183 atque
1066 2133 1116 2170 ita
1130 2133 1261 2172 vinclis·
1290 2123 1293 2127 ι

206 2192 381 2238 Excidet,
409 2205 472 2234 aut
494 2195 529 2234 in
549 2210 660 2247 aquas
679 2208 804 2237 tenues
823 2199 980 2249 dilapsus
999 2199 1125 2237 abibit.
