1493 2605
210 283 284 319 184·
494 279 791 322 AENElDOS
851 279 930 317 111.
1106 293 1139 318 v.
1156 279 1246 318 215.

208 390 324 428 Pestis
340 401 376 428 ct
397 390 445 427 ira
465 391 570 428 deum
593 391 733 440 Stygiis
753 404 828 427 sese
849 389 981 427 extulit
1004 389 1122 426 undis.

208 457 374 507 Virginei
397 457 582 494 voiucrum
604 457 735 498 voltus.
765 456 966 493 foedissima
986 457 1116 493 ventris

209 524 406 567 proluvies,
435 537 617 573 uncaeque
637 537 773 568 manns,
801 532 838 559 et
862 522 994 572 pallida
1013 535 1150 572 semper

209 589 286 626 Ora
308 589 412 626 sanie.

262 656 352 693 Huc
373 655 433 692 ubi
454 655 560 692 delati
582 665 708 706 portus
731 656 965 700 intravimus;
994 669 1078 692 ecce
1098 658 1106 693 1

213 723 331 760 Laeta
350 723 460 759 boum
483 723 611 771 passim
631 723 767 772 campis
786 731 942 759 armenta
963 722 1134 765 videmus,

209 788 530 838 Caprigcnuinqne
551 801 675 837 pecus,
705 787 803 824 nullo
823 789 989 831 custode,
1020 802 1084 838 per
1103 788 1244 825 herbas.

211 854 386 891 Irruimus
407 853 526 898 feri-03
555 862 591 890 et
612 853 724 896 divos,
753 853 942 903 ipsumque
965 867 1130 891 vocamus

209 920 253 958 In
274 930 411 970 partem
427 920 818 970 pr..edamq11e.1‹›vem.
876 921 975 958 Tum
995 919 1118 957 littore
1138 934 1249 957 curvo

208 986 514 1035 Exstruimusque
534 995 646 1029 toros,
667 986 892 1036 dapibusque
909 986 1096 1036 epulamur
1107 986 1246 1036 opimis.

206 1052 264 1089 At
286 1052 423 1088 subitae
442 1052 611 1088 horrifico
631 1051 732 1100 lapsu
753 1052 797 1088 de
818 1052 1000 1089 montibus
1021 1052 1153 1089 adsunt

210 1117 415 1168 Harpyiae,
441 1126 477 1154 et
498 1117 635 1168 magnis
655 1117 823 1167 quatiunt
842 1117 1074 1169 clangoribus
1092 1117 1163 1154 alas
1181 1133 1195 1162 ;

209 1184 473 1233 Diripiuntque
493 1184 616 1233 dapes,
645 1193 890 1233 contactuque
911 1184 1030 1220 omnia
1050 1183 1198 1220 foedant

211 1249 428 1286 Immundo:
460 1258 538 1286 tum
561 1263 629 1286 vox
649 1259 784 1287 tetrum
803 1251 879 1287 dira
899 1250 991 1287 inter
1009 1250 1170 1286 odorem.

211 1316 370 1353 Rursum
390 1316 424 1352 in
445 1330 585 1353 secessu
605 1316 730 1368 longo,
759 1318 825 1354 sub
846 1331 934 1367 rupe
952 1325 1091 1359 cavata,

207 1383 419 1420 Arboribus
438 1382 549 1419 clausi
568 1382 716 1425 circum,
736 1392 844 1433 atque
859 1382 1088 1420 horrentibus
1101 1382 1250 1428 umbris,

210 1449 425 1486 Instruimus
445 1463 597 1493 mensas,
626 1449 767 1499 arisque
788 1450 992 1499 reponimus
1011 1449 1143 1500 ignem.

210 1515 384 1558 Rursum,
412 1529 457 1551 ex
477 1515 617 1552 diverso
637 1515 744 1559 coeli,
773 1516 962 1565 caecisque
981 1515 1141 1559 latebris,

208 1580 338 1618 Turba
357 1595 482 1618 sonans
503 1581 672 1631 praedam
692 1582 845 1631 pedibus
865 1581 1101 1619 circumvolat
1122 1582 1221 1619 uncis
1234 1598 1245 1620 :

212 1647 348 1685 Polluit
370 1662 431 1684 ore
452 1648 573 1697 dapes.
632 1648 747 1685 Sociis
767 1659 869 1693 tunc,
897 1662 993 1686 arma
1011 1658 1214 1699 capessant,

209 1714 342 1758 Edico,
372 1723 408 1751 et
428 1714 504 1751 dira
523 1714 658 1751 bellum
678 1729 762 1752 cnm
781 1724 892 1766 gente
911 1716 1125 1766 gerendum.

208 1779 325 1817 Haud
345 1794 447 1817 secus
467 1794 508 1817 ac
523 1781 612 1832 jussi
628 1780 780 1824 faciunt,
801 1791 992 1831 tectosque
1012 1796 1077 1832 per
1096 1781 1247 1820 herbam

208 1847 422 1896 Disponunt
441 1847 546 1892 ensis,
566 1856 602 1884 ct
623 1858 726 1885 scuta
745 1849 895 1886 latentia
915 1849 1091 1886 condunt.

209 1916 328 1964 Ergo,
357 1914 418 1951 ubi
439 1913 603 1964 delapsae
624 1914 779 1951 sonitum
796 1928 859 1964 per
879 1929 986 1952 curva
1005 1915 1135 1952 dedere

210 1981 371 2024 Littom,
400 1980 462 2018 dat
483 1980 624 2031 signum
646 1980 791 2031 specula
807 1980 970 2018 Misenus
989 1982 1034 2018 ab
1055 1981 1127 2018 alta

207 2047 308 2083 Aere
327 2060 439 2083 cavo:
461 2046 632 2083 invadunt
653 2047 754 2090 socii,
774 2056 811 2084 ct
832 2061 920 2084 nova
942 2047 1076 2097 proelia
1093 2055 1250 2093 tentant,

209 2114 396 2151 Obseenas
418 2111 536 2164 pelagi
556 2111 650 2150 ferro
671 2112 814 2150 foedare
836 2113 1009 2150 volucres.

210 2180 281 2216 Sed
302 2193 416 2229 neque
432 2179 502 2215 vim
522 2179 654 2229 plumis
675 2179 797 2223 ullam,
829 2194 892 2217 nec
912 2179 1056 2218 volnera
1074 2189 1196 2232 tergo,
