1493 2605
151 303 185 328 v.
203 293 290 330 521.
428 286 774 329 GEORGICON
830 290 902 328 lv.
1123 292 1200 332 117

152 402 256 441 Inter
274 414 371 439 sacra
390 401 509 445 deum,
532 402 772 451 nocturnique
790 401 893 452 orgia
915 401 1065 446 Bacchi,

149 468 399 518 Discerptum
412 467 504 504 latos
519 469 686 518 juvenem
707 481 865 517 sparsere
886 482 950 518 per
968 481 1088 519 agros.

150 535 253 572 Tum
272 548 431 585 quoque,
447 547 644 570 marmorea
663 542 775 583 caput
795 547 814 569 a
833 534 971 571 cervice
990 534 1171 572 revolsum

151 600 316 652 Gurgite
335 613 448 649 quum
468 599 586 636 medio
608 611 755 649 portans
777 599 957 650 Oeagrius
979 599 1130 637 Hebrus

148 666 338 709 Volveret,
359 666 569 716 Eurydicen
591 679 660 702 vox
684 665 774 715 ipsa,
802 675 839 702 et
858 665 989 716 frigida
1008 665 1144 716 lingua,

149 733 219 770 Ah
239 733 402 769 miseram
423 732 633 781 Eurydicen
652 733 661 769 !
693 732 808 768 anima
831 730 995 782 fugiente
1015 733 1194 780 vocabatg

149 799 361 848 Eurydicen
382 808 463 835 toto
484 797 688 835 referebant
708 798 853 834 flumine
871 798 981 850 ripae.

202 865 310 903 Haec
324 866 478 903 Proteus
492 879 502 910 ;
521 874 558 901 et
574 878 610 901 se
624 866 724 916 jactu
743 864 841 901 dedit
858 878 994 914 aequor
1007 865 1042 901 in
1058 865 1194 904 altum:

149 932 308 982 Quaque
323 931 423 969 dedit
442 940 671 981 spumantem
686 931 818 968 undam
834 931 899 967 sub
929 931 1060 968 vertice
1075 932 1196 971 torsit.

147 999 207 1035 At
227 1011 297 1035 non
319 998 486 1048 Cyrene:
517 1011 671 1047 namque
699 997 796 1034 ultro
815 996 937 1035 adfata
955 999 1142 1035 timentem
1155 1012 1167 1036 ε

201 1066 312 1109 Nate,
331 1065 416 1102 licet
436 1065 547 1102 tristis
566 1064 685 1101 animo
704 1065 883 1114 deponere
903 1079 1017 1103 curas.

146 1132 258 1171 Haec
269 1131 384 1169 omnis
397 1131 512 1169 morbi
525 1145 668 1176 caussa;
694 1131 777 1168 hinc
791 1131 989 1168 miserabile
1001 1132 1196 1182 nymphae,

145 1200 243 1237 Cum
263 1198 395 1248 quibus
423 1197 481 1234 illa
500 1199 632 1235 choros
650 1197 739 1234 lucis
759 1197 921 1248 agitabat
940 1198 975 1234 in
995 1197 1090 1242 altis,

146 1264 314 1302 Exitium
334 1264 459 1302 misere
477 1265 605 1314 apibus
623 1280 633 1302 :
664 1275 705 1302 tu
735 1278 880 1301 munera
899 1264 1052 1314 supplex

144 1329 288 1374 Tende,
309 1339 435 1380 petens
455 1344 596 1381 pacem,
618 1339 656 1368 et
677 1330 797 1368 faciles
816 1344 981 1367 venerare
1002 1330 1193 1380 Napaeas;

143 1396 314 1445 Namque
334 1396 474 1433 dabunt
494 1396 629 1433 veniam
650 1396 755 1439 votis,
777 1396 919 1446 irasque
939 1396 1140 1435 remittent.

145 1462 233 1507 Sed,
253 1462 380 1499 modus
399 1463 524 1499 orandi
543 1463 605 1513 qui
624 1463 684 1508 sit,
703 1463 802 1512 prius
820 1463 945 1499 ordine
964 1463 1095 1499 dicam.

141 1531 314 1579 Quatuor
330 1529 479 1566 eximios
499 1530 695 1580 praestanti
715 1544 867 1580 corpore
893 1540 1030 1571 tauros,

142 1595 220 1645 Qui
239 1595 306 1632 tibi
325 1609 419 1632 nunc
439 1595 558 1632 viridis
578 1597 776 1646 depascunt
797 1610 936 1633 summa
957 1596 1113 1646 Lycaei,

142 1661 294 1712 Delige‚
313 1671 350 1698 et
368 1662 505 1699 intacta
523 1663 677 1699 totidem
696 1663 834 1700 cervice
849 1665 1032 1714 juvencas·

142 1729 317 1778 Quatuor
334 1728 389 1771 his
409 1741 486 1765 aras
506 1728 578 1765 alta
598 1729 644 1765 ad
662 1728 811 1766 delubra
832 1729 979 1766 dearum

141 1795 347 1839 Constitue,
362 1804 400 1833 et
419 1808 557 1832 sacrum
570 1795 709 1847 jugulis
727 1796 875 1834 demitte
894 1810 1058 1834 cruorem
1072 1812 1086 1844 ς

141 1861 381 1911 Corporaque
402 1862 479 1912 ipsa
499 1862 610 1899 boum
629 1861 801 1899 frondoso
820 1863 942 1900 desere
961 1862 1058 1902 luco.

141 1926 246 1972 Post,
266 1928 329 1965 ubi
349 1941 443 1965 nona
462 1942 545 1965 suos
565 1927 716 1965 Aurora
736 1929 936 1966 ostenderit
955 1940 1071 1976 ortus,

141 1993 294 2031 Inferias
315 1994 456 2044 Orphei
477 1995 641 2032 Lethaea
667 2009 843 2046 papavera
863 1996 983 2033 mittes
1001 2012 1012 2041 3

139 2059 328 2099 Placatam
348 2061 558 2112 Eurydicen
579 2061 689 2099 vitula
709 2063 920 2099 venerabere
940 2076 1056 2107 caesa,

140 2125 193 2171 Et
216 2126 355 2178 nigram
374 2128 547 2165 mactabis
566 2142 684 2174 ovem,
703 2129 898 2179 lucumque
918 2129 1058 2167 revises.

193 2191 312 2240 Haud
330 2207 454 2234 mora:
478 2197 652 2235 continuo
672 2196 795 2235 matris
814 2205 1007 2249 praecepta
1027 2195 1183 2244 facessit,
