1493 2605
199 284 252 321 60
498 281 845 322 GEORGICON
903 283 958 321 11.
1138 299 1172 322 v.
1195 286 1259 332 74,-

200 394 311 438 Nam‚
330 406 402 444 qua
421 407 456 431 se
476 394 595 431 medio
613 394 767 431 trudunt
786 395 830 431 de
848 394 984 432 cortice
1004 408 1181 446 gemmae,

202 461 255 498 Et
276 461 394 499 tenuis
415 469 587 515 rumpunt
609 461 761 505 tunicas,
781 469 958 512 angustus
977 461 1010 497 in
1030 461 1110 512 ipso

198 528 261 566 Fit
282 528 378 565 nodo
398 527 494 565 sinus
511 542 520 565 z
551 528 623 565 huc
643 527 757 564 aliena
775 541 818 565 ex
840 528 966 565 arbore
987 541 1131 578 germen

199 594 414 638 Includunt,
435 594 582 644 udoque
602 593 736 630 docent
756 593 950 631 inolescere
971 593 1077 632 libro.

195 661 283 699 Aut
302 674 443 698 rursum
463 660 595 698 enodes
615 660 733 700 trunci
754 670 973 705 resecantur,
997 670 1034 698 et
1054 660 1125 698 alte

201 727 371 764 Finditur
390 728 424 764 in
444 726 598 764 solidum
618 727 740 764 cuneis
760 727 814 764 via
831 743 842 772 ς
871 727 999 764 deinde
1019 727 1154 766 feraces

193 792 346 831 Plantae
360 794 607 831 immittuntur
622 809 631 832 :
652 808 716 831 nec
732 793 883 845 longum
898 802 1056 845 tempus,
1075 804 1112 832 et
1129 794 1256 846 ingens

192 858 300 897 Exiit
319 860 365 897 ad
384 860 527 898 coelum
547 861 652 898 ramis
672 860 838 898 felicibus
867 861 986 905 arbos,

195 926 430 978 Miraturque
459 941 568 965 novas
589 927 725 965 frondis
744 936 781 964 et
801 940 872 963 non
893 940 954 964 sua
975 941 1095 976 poma.

246 994 449 1039 Praeterea,
470 1008 584 1045 genus
604 994 701 1031 haud
721 1007 846 1037 unum,
868 1007 931 1030 nec
952 992 1109 1031 fortibus
1129 992 1250 1041 ulmis,

193 1061 274 1099 Nec
294 1060 406 1105 salici,
426 1061 590 1111 lotoque,
615 1074 732 1110 neque
753 1060 870 1097 Idaeis
893 1059 1084 1111 cyparissis
1101 1075 1110 1098 :

191 1127 272 1166 Nec
292 1127 447 1179 pingues
466 1141 572 1165 unam
591 1128 624 1164 in
646 1127 773 1165 faciem
792 1136 989 1164 nascuntur
1005 1126 1134 1172 olivae,

192 1193 397 1238 orchades,
416 1202 454 1232 et
473 1194 577 1240 radii,
600 1203 636 1231 et
657 1208 776 1232 amara
794 1194 918 1244 pausia
933 1195 1046 1231 bacca
1064 1209 1075 1239 3

190 1261 392 1312 Pomaque,
410 1270 448 1299 et
468 1261 621 1299 Alcinoi
643 1261 748 1298 silvae
767 1276 775 1299 :
806 1275 871 1298 nec
892 1261 1056 1298 surculus
1078 1261 1174 1299 idem

189 1328 409 1368 Crustumiis
430 1329 619 1379 Syriisque
639 1328 738 1378 piris,
763 1329 1005 1379 gravibusque
1025 1327 1198 1367 volemis:

189 1395 276 1434 Non
296 1395 420 1432 eadem
439 1394 628 1432 arboribus
648 1394 784 1444 pendet
804 1393 979 1430 vindemia
998 1395 1144 1438 nostris,

190 1462 313 1512 Quam
335 1460 600 1511 Methymnaeo
622 1460 738 1510 carpit
759 1460 803 1497 dc
824 1459 972 1510 palmite
994 1460 1150 1498 Lesbos.

193 1529 289 1566 Sunt
309 1526 468 1565 Thasiae
489 1527 578 1564 vites
598 1544 608 1574 3
640 1537 722 1565 sunt
741 1536 779 1564 ct
801 1526 1025 1564 Mareotides
1045 1526 1146 1564 albae
1165 1543 1175 1573 ;

190 1594 397 1647 Pinguibus
417 1595 482 1631 hae
502 1595 607 1632 terris
626 1593 777 1639 habiles,
796 1593 988 1630 levioribus
1007 1593 1086 1630 illae
1107 1609 1117 1638 ;

188 1661 245 1699 Et
264 1675 371 1712 passo
393 1661 533 1698 Psithia
553 1660 677 1698 utilior
695 1677 705 1706 ;
735 1661 926 1710 tenuisque
947 1660 1112 1712 Lageos,

187 1726 396 1764 Tentatura
414 1728 524 1777 pedes
542 1726 643 1772 olim,
664 1727 901 1778 vincturaque
920 1726 1080 1778 linguam
1095 1743 1107 1773 ς

189 1795 414 1844 Purpureae,
430 1793 670 1844 preciaeque3
698 1802 866 1844 et--quo
886 1803 923 1831 te
943 1794 1099 1832 carmine
1119 1794 1252 1842 dicam,

193 1860 373 1899 Rhaetica
391 1861 404 1899 3
432 1874 497 1898 nec
517 1858 615 1898 cellis
633 1860 716 1898 ideo
736 1852 914 1898 contende
937 1860 1111 1898 Falernis.

191 1928 286 1966 Sunt
306 1936 344 1964 et
365 1927 568 1965 Aminaeae
586 1926 688 1971 vites,
708 1927 908 1964 firmissima
927 1927 1021 1972 vina,

188 1993 346 2032 Tmolus
365 2001 402 2031 et
421 1993 578 2045 assurgit
598 1994 746 2044 quibus,
766 2004 803 2031 et
824 2007 885 2030 rex
906 1993 982 2044 ipse
1005 1993 1193 2032 Phanaeus
1216 2009 1228 2040 ς

187 2061 411 2113 Argitisque
430 2061 560 2106 minor,
579 2061 638 2098 cui
658 2075 730 2098 non
750 2060 940 2099 certaverit
961 2060 1046 2105 ulla,

189 2129 277 2166 Aut
296 2137 438 2167 tantum
459 2128 584 2173 fluere,
608 2137 672 2166 aut
692 2128 848 2166 totidem
868 2128 996 2164 durare
1015 2141 1081 2178 per
1099 2141 1224 2169 annos.
1281 2135 1284 2139 '

191 2194 279 2234 Non
297 2207 369 2247 ego
388 2203 439 2241 te,
459 2194 514 2234 dis
533 2203 571 2234 et
590 2195 720 2234 mensis
739 2203 888 2246 accepta
915 2194 1093 2244 secundis»,
