1493 2605
256 315 330 352 150
510 331 520 335 -
571 311 871 349 AENEIDOS
932 313 987 349 11.
1181 315 1298 354 v.75.

248 424 392 472 Quidve
413 423 501 460 ferat
521 438 531 467 ;
561 432 749 466 memoret,
778 436 869 473 quae
898 422 942 460 sit
965 424 1098 460 fiducia
1117 433 1244 475 capt0.

252 489 318 526 Ille
338 489 439 532 haec,
469 490 632 538 deposita
653 490 798 526 tandem
819 489 1022 534 formidine,
1043 489 1150 529 fatur.
1211 491 1302 541 [bor

273 557 418 594 Cuncta
430 556 595 605 equidem
609 556 689 599 tibi,
708 555 918 599 Rex‚fuerit
933 557 1301 608 quodcumque,fate-
1350 582 1376 595 -.

248 625 358 667 Vera,
375 624 509 673 inquit:
532 637 647 673 neque
665 637 720 659 me
735 623 915 674 Argolica
929 623 973 660 de
989 633 1098 675 gente
1113 626 1269 676 negabo·

248 691 340 728 Hoc
362 691 540 740 primum:
573 704 651 734 nec,
681 690 709 726 si
731 690 896 726 miserum
919 690 1080 727 Fortuna
1103 691 1274 728 Sinonem

248 757 387 797 Finxit,
410 771 536 792 vanum
557 757 665 793 etiam
686 757 967 807 mendacemque
985 757 1149 807 improba
1168 758 1297 808 finget.

248 823 375 859 Fando
395 823 541 872 aliquod
562 823 588 859 si
611 822 705 860 forte
725 832 805 860 tuas
825 823 985 873 pervenit
1007 824 1052 860 ad
1072 823 1167 861 auris

247 890 396 927 Belidae
415 903 542 926 nomen
566 889 779 933 Palamedis,
807 899 842 927 et
865 890 1000 927 incluta
1021 889 1115 926 fama

245 956 376 995 Gloria
393 972 402 1002 3
433 970 539 1006 quem
560 956 645 993 falsa
666 957 733 993 sub
753 957 961 1006 proditione
982 956 1125 1007 Pelasgi

245 1025 446 1066 Insontem‚
475 1022 622 1059 infando
641 1023 790 1066 indicio,
819 1023 904 1072 quia
923 1022 1019 1060 bella
1040 1023 1200 1068 vetabat,

243 1090 435 1128 Demisere
455 1089 531 1126 neci
548 1104 558 1134 3
588 1103 683 1126 nunc
703 1103 841 1126 cassum
862 1089 995 1127 lumine
1015 1089 1144 1140 lugent
1162 1105 1171 1127 :

243 1157 304 1195 Illi
325 1171 381 1194 me
399 1157 584 1200 comitem,
612 1165 650 1193 et
670 1156 988 1207 consanguinitate
1009 1157 1271 1207 propinquum,

243 1225 390 1274 Pauper
404 1224 437 1260 in
457 1237 553 1260 arma
572 1233 675 1273 pater
694 1224 818 1273 primis
838 1224 909 1261 huc
930 1224 1024 1261 misit
1047 1225 1092 1261 ab
1114 1226 1226 1262 annis.

242 1291 347 1328 Dum
368 1291 487 1328 stabat
507 1304 620 1341 regno
639 1289 842 1333 incolumis,
871 1304 1074 1341 regumque
1094 1291 1241 1342 vigebat

243 1357 416 1394 conciliis
434 1372 444 1401 ;
472 1366 509 1393 et
531 1370 594 1393 nos
614 1356 762 1406 aliquod
780 1370 982 1407 nomenque
1007 1357 1190 1406 decusque

244 1423 434 1462 Gessimus
452 1438 461 1460 ε
491 1423 621 1460 invidia
641 1432 835 1474 postquam
865 1422 1011 1472 pellacis
1033 1422 1137 1461 Ulixi

247 1491 386 1543 (Haud
407 1490 533 1541 ignota
552 1488 704 1539 loquor)
729 1489 868 1538 superis
887 1489 1067 1526 concessit
1088 1490 1133 1526 ab
1153 1490 1250 1535 oris;

243 1556 422 1594 Afflictus
441 1557 550 1593 vitam
569 1557 604 1592 in
625 1555 781 1592 tenebris
802 1556 978 1606 luctuque
998 1556 1199 1601 trahebam,

244 1625 298 1662 Et
318 1637 438 1660 casum
460 1622 610 1660 insontis
630 1637 770 1659 mecum
791 1622 1004 1673 indignabar
1016 1623 1134 1660 amici.

243 1691 324 1728 Nec
345 1690 457 1733 tacui,
477 1690 645 1727 demens:
675 1699 713 1726 et
734 1703 802 1733 me,
833 1689 906 1726 fors
928 1690 955 1726 si
977 1703 1048 1739 qua
1069 1689 1226 1734 tulisset,

246 1756 284 1793 Si
306 1757 442 1806 patrios
462 1769 632 1806 umquam
652 1769 863 1793 remeassem
884 1756 1001 1793 victor
1020 1755 1066 1792 ad
1085 1755 1230 1807 Argos,

243 1823 395 1861 Promisi
416 1822 569 1859 ultorem
586 1838 596 1867 ;
624 1831 661 1859 et
680 1823 797 1859 verbis
816 1823 900 1859 odia
919 1835 1045 1871 aspera
1064 1821 1172 1859 movi.

243 1890 348 1928 Hinc
368 1889 454 1926 mihi
475 1890 589 1938 prima
607 1888 689 1925 mali
709 1888 824 1926 labes:
847 1889 931 1925 hinc
953 1903 1091 1939 semper
1111 1889 1242 1927 Ulixes

242 1956 464 1993 Criminibus
483 1965 617 1993 terrere
638 1955 738 1992 novis
756 1971 765 1998 ς
797 1955 880 1992 hinc
901 1969 1070 2006 spargere
1090 1970 1196 1993 voces

246 2024 289 2059 In
311 2022 457 2073 volgum
477 2023 675 2073 ambiguas,
702 2031 738 2059 et
759 2036 927 2072 quaerere
947 2022 1113 2059 conscius
1131 2036 1238 2060 arma.

245 2089 325 2126 Nec
347 2089 519 2138 requievit
539 2089 646 2132 enim,
675 2089 805 2132 donee,
826 2088 1026 2127 Calchante
1045 2089 1282 2143 ministro,—--⁴

247 2156 319 2191 Sed
327 2155 414 2204 quid
426 2170 496 2206 ego
503 2156 590 2193 haec
598 2165 717 2193 autem
731 2156 1120 2207 nequidquamingrata
1132 2156 1293 2194 revolvo?

246 2222 391 2270 Quidve
404 2223 543 2260 moror?
559 2223 585 2260 si
601 2223 715 2260 omnis
731 2237 802 2260 uno
817 2223 941 2260 ordine
954 2223 1096 2260 habetis
1108 2223 1290 2268 Achivos,
