1493 2605
216 278 270 315 90
486 272 852 338 ‘GEORGICON
908 272 990 313 111.
1126 287 1159 312 v.
1178 276 1267 316 857.

216 386 318 425 Tum
341 386 405 425 Sol
425 385 590 437 pauentis
609 386 706 423 haud
729 399 898 436 umquam
917 383 1066 423 discutit
1087 384 1258 432 umbrasg

218 453 298 492 Nec
318 468 430 504 quum
458 454 620 490 invectus
639 452 741 502 equis
761 451 873 489 altum
902 451 997 502 petit
1016 451 1174 496 aethera,
1202 462 1270 490 nec

377 535 489 571 quum

219 587 459 638 Praecipitem
481 585 618 625 Oceani
638 586 749 623 rubro
768 584 853 623 lavit
873 599 1028 635 aequore
1047 598 1206 623 currum.

217 654 470 692 Concrescunt
491 653 633 690 subitae
653 653 813 690 currenti
833 653 866 689 in
890 652 1035 690 flumine
1054 662 1212 697 crustae,

220 720 403 770 Undaque
417 723 491 772 jam
512 730 619 771 tergo
641 720 791 757 ferratos
809 720 962 757 sustinet
981 720 1092 763 orbis,

221 787 413 837 Puppibus
434 786 493 824 illa
507 787 622 837 prius,
641 786 775 837 patulis
795 800 889 824 nunc
909 786 1054 837 hospita
1073 785 1266 836 plaustris:

217 853 392 903 Aeraque
412 852 591 891 dissiliunt
611 853 740 905 volgo²
755 862 943 903 vestesque
963 853 1149 903 rigescunt

217 920 389 964 Indutae,
409 920 638 970 caeduntque
660 920 845 957 securibus
864 919 1012 956 humida
1032 919 1125 963 vina,

216 985 270 1024 Et
289 996 389 1023 totae
409 986 557 1024 solidam
577 987 610 1023 in
631 985 783 1037 glaciem
804 996 942 1023 vertere
961 985 1122 1030 lacunae.

218 1052 400 1102 Stiriaque
421 1052 572 1103 impexis
591 1052 753 1089 induruit
773 1051 918 1089 horrida
938 1052 1072 1090 barbis.

216 1120 361 1157 Interea
382 1128 465 1158 toto
483 1133 554 1156 non
575 1120 690 1157 secius
710 1120 790 1157 ac're
810 1118 952 1168 ninguit
971 1133 983 1164 ς

216 1186 408 1224 Intereunt
430 1187 602 1236 pecudeS,
623 1196 720 1223 stant
740 1183 959 1223 circumfusa
981 1183 1118 1235 pruinis

216 1254 383 1304 Corpora
403 1267 532 1304 magna
552 1254 664 1290 boum
683 1267 694 1298 ;
722 1250 961 1302 confertoque
980 1251 1122 1303 agmine
1139 1250 1236 1287 cervi

214 1319 385 1370 Torpent
402 1319 496 1357 mole
511 1333 616 1363 nova,
631 1329 667 1356 et
685 1318 830 1356 summis
847 1318 903 1355 vix
920 1318 1090 1355 cornibus
1104 1325 1263 1354 exstant.

217 1384 303 1424 Hos
323 1400 392 1423 non
412 1385 575 1423 immissis
593 1387 754 1431 canibus,
774 1400 844 1423 non
860 1385 1020 1423 cassibus
1040 1383 1134 1428 ullis,

217 1453 441 1491 Puniceaeve
460 1453 600 1504 agitant
621 1452 770 1502 pavidos
789 1451 978 1489 formidine
999 1451 1126 1502 pinnae
1143 1465 1154 1489 ι

218 1521 304 1564 Sed,
324 1518 458 1557 frustra
475 1520 688 1570 oppositum
708 1519 896 1556 trudentes
915 1527 1063 1569 pectore
1082 1526 1256 1566 montem,

216 1587 430 1626 Comminus
449 1586 671 1624 obtruncant
693 1585 802 1629 ferro,
821 1585 1050 1637 graviterque
1069 1586 1243 1623 rudentes

217 1654 398 1698 Caedunt,
413 1663 450 1691 et
471 1666 604 1704 magno
623 1651 708 1689 laeti
728 1651 884 1690 clamore
903 1661 1104 1703 reportant.

218 1720 293 1771 Ipsi
314 1721 349 1758 in
369 1719 524 1757 defossis
544 1719 726 1769 specubus
747 1731 873 1756 secura
893 1718 959 1755 sub
979 1718 1053 1755 alta

217 1786 307 1824 Otia
326 1796 441 1838 agunt
461 1795 570 1830 terra,
589 1793 836 1837 congestaque
856 1785 988 1822 robora
1005 1793 1177 1836 totasque

214 1852 428 1891 Advolvere
447 1850 540 1890 focis
560 1851 691 1894 ulmos,
711 1851 860 1902 ignique
879 1850 1024 1888 dedere.

215 1918 296 1956 Hic
316 1928 460 1956 noctem
479 1917 566 1955 ludo
587 1918 741 1961 ducunt,
759 1926 797 1954 et
816 1916 948 1966 pocula
967 1916 1051 1954 laeti

218 1984 412 2023 Fermento
431 1994 541 2034 atque
559 1983 670 2021 acidis
687 1982 875 2020 imitantur
894 1982 986 2021 vitea
1003 1983 1130 2023 sorbis.

215 2050 334 2095 Talis,
363 2051 612 2101 Hyperboreo
634 2051 783 2099 Septem
802 2049 964 2100 subjecta
981 2050 1105 2095 trioni,

217 2117 320 2156 Gens
337 2116 470 2155 effrena
492 2117 604 2155 virum
626 2115 794 2166 Rhipaeo
813 2115 983 2153 tunditur
1004 2116 1123 2163 Euro.

218 2182 270 2223 Et
289 2183 474 2235 pecudum
492 2181 599 2221 fulvis
617 2181 754 2221 velatur
772 2195 928 2234 corpora
944 2181 1042 2221 setis.
