1493 2605
245 285 282 310 v.
303 275 340 310 1.
623 272 935 310 BUCOLICA.
1252 274 1300 311 27

561 498 802 539 ECLOGA
857 500 979 537 VIIL

245 623 1300 687 PHARMACEUTRIA.

486 773 649 797 DAMON.
707 772 1047 798 ALPHEsmoEus.

242 849 474 888 Pasa-onum
497 863 632 886 musam
654 849 833 887 Damonis
853 859 890 886 et
911 849 1166 899 Alphesiboei,

242 915 437 952 Immemor
453 916 643 952 herbarum
659 929 752 965 quos
770 925 825 952 est
845 915 972 952 mirata
985 918 1140 965 juvenca

242 982 438 1025 Certantis,
462 994 617 1031 quorum
637 981 861 1031 stupefactae
880 981 1034 1018 carmine
1055 981 1192 1031 lynces,

239 1048 296 1087 Et
316 1059 455 1086 mutata
474 1063 557 1086 suos
578 1051 785 1099 requierunt
805 1048 952 1085 flumina
971 1063 1095 1086 cursus
1113 1066 1124 1095 ;

238 1116 418 1155 Damonis
438 1129 575 1152 musam
595 1116 755 1152 dicemus
774 1125 810 1152 et
831 1115 1085 1165 Alphesiboei.

293 1182 357 1219 Tu
377 1182 464 1218 mihi
484 1196 546 1219 seu
565 1182 686 1233 magni
707 1195 851 1231 superas
866 1184 941 1232 jam
960 1196 1044 1218 saxa
1065 1181 1222 1227 Timavi,

241 1249 324 1286 Sive
345 1262 445 1285 oram
467 1247 606 1298 Illyrici
624 1248 716 1298 legis
735 1249 898 1298 aequoris
915 1263 924 1292 ;
945 1261 987 1284 en
1004 1251 1011 1285 !
1044 1249 1111 1285 erit
1128 1262 1302 1298 umquam

239 1315 309 1353 Ille
327 1314 415 1357 dies,
435 1314 523 1351 mihi
543 1328 627 1351 cum
646 1314 752 1352 liceat
772 1324 834 1352 tua
855 1315 974 1351 dicere
995 1313 1121 1352 faeta?

239 1382 300 1420 En
319 1384 326 1419 !
359 1381 440 1425 erit,
462 1389 504 1417 ut
522 1380 629 1417 liceat
649 1390 770 1417 totum
790 1380 876 1417 mihi
897 1379 990 1418 ferre
1011 1395 1076 1431 per
1095 1382 1222 1419 orbem

240 1447 326 1487 Sola
348 1447 552 1497 Sophocleo
573 1456 637 1483 tua
656 1447 812 1484 carmina
831 1447 941 1498 digna
960 1448 1141 1485 cothurno
1159 1449 1173 1486 ?

238 1515 281 1553 A
301 1523 337 1550 te
356 1513 571 1564 principium
591 1529 600 1558 ;
630 1513 698 1550 tibi
719 1513 856 1550 desinet
873 1529 882 1551 :
914 1516 1038 1565 accipe
1052 1517 1160 1567 jussis

238 1581 406 1619 Carmina
421 1590 552 1630 coepta
568 1580 654 1624 tuis,
669 1589 778 1630 atque
793 1580 884 1618 hanc
898 1582 970 1618 sine
986 1593 1152 1633 tempora
1163 1583 1299 1621 circum

238 1648 342 1686 Inter
361 1647 525 1684 victrices
544 1647 712 1684 hederam
732 1646 799 1683 tibi
819 1661 960 1697 serpere
979 1648 1110 1689 lauros.

292 1714 441 1765 Frigida
459 1713 518 1750 vix
538 1713 641 1750 coelo
661 1714 777 1750 noctis
803 1714 1003 1751 decesserat
1024 1717 1165 1761 umbra,

238 1781 334 1819 Cum
355 1793 414 1816 ros
433 1779 468 1816 in
488 1788 610 1816 tenera
628 1781 751 1830 pecori
771 1781 995 1832 gratissimus
1016 1782 1125 1818 herba
1143 1798 1155 1828 ς

238 1846 458 1884 Incumbens
477 1847 596 1891 tereti,
618 1847 766 1884 Damon
787 1848 836 1884 sic
858 1848 994 1897 coepit,
1016 1847 1128 1885 olivae
1147 1864 1157 1887 a

663 1914 817 1952 Damon.

237 1981 410 2025 Nascere,
423 1995 580 2032 praeque
596 1981 691 2018 diem
706 1982 846 2019 veniens
862 1995 943 2033 age,
959 1982 1123 2028 Lucifer,
1136 1983 1269 2022 almum
1282 2001 1294 2031 ;

235 2047 415 2099 Conjugis
434 2048 583 2099 indigno
604 2047 712 2085 Nisae
731 2048 905 2098 deceptus
924 2063 1044 2086 amore

236 2114 342 2152 Dum
358 2128 502 2164 queror,
523 2124 559 2152 et
579 2115 693 2159 divos,
713 2129 918 2165 quanquam
938 2115 987 2152 nil
1007 2116 1160 2155 testibus
1183 2117 1253 2156 illis

236 2179 397 2227 Profeci,
416 2190 589 2228 extrema,
613 2182 782 2226 mon‘ens,
806 2191 925 2220 tamen
944 2182 1109 2234 alloquor
1126 2183 1226 2221 hora„

718 2250 816 2288 D2
