1529 2693
236 322 262 357 2
587 317 899 357 BUCOLICA.
1169 330 1205 355 v.
1230 318 1290 356 12.

238 429 369 480 Usque
387 415 476 466 adeo
496 428 667 466 turbatur
685 430 792 479 agris.
850 428 909 465 En
929 430 937 465 !
973 425 1049 478 ipse
1069 427 1224 478 capellas

236 498 417 537 Protenus
436 510 543 548 aeger
561 510 656 547 ago;
686 496 777 532 hanc
797 495 905 531 etiam
925 494 997 538 vix,
1018 495 1165 545 Tityre,
1183 496 1292 533 duco.

236 562 332 608 Hic,
353 563 445 600 inter
464 562 588 599 densas
608 560 764 604 cornlos,
785 560 893 597 modo
910 574 1062 611 namque
1081 562 1269 613 gemellos,

238 629 349 678 Spem
370 629 505 680 gregis,
526 628 570 664 ah
591 631 598 664 !
633 626 730 664 silice
750 627 784 663 in
806 625 900 663 nuda
920 627 1075 663 connixa
1095 627 1255 677 reliquit-

237 696 353 745 Saepe
373 694 503 730 malum
524 695 594 731 hoc
615 693 730 737 nobis,
755 694 782 730 si
804 706 900 730 mens
921 706 988 729 non
1011 692 1108 730 laeva
1128 692 1267 738 fuisset,

234 761 299 799 De
318 760 421 797 coelo
442 769 558 797 tactas
575 759 715 796 memini
737 759 943 809 praedicere
963 773 1131 808 quercus.

239 829 379 877 [Saepe
400 826 540 863 sinistra
560 839 645 863 cava
665 825 842 875 praedixit
864 826 909 862 ab
929 825 1008 861 ilice
1028 825 1193 873 cornix.]

237 893 310 931 Sed
331 903 463 936 tamen,
482 892 549 930 iste
569 892 656 929 deus
677 892 738 941 qui
759 892 819 936 sit,
839 892 897 936 da,
917 891 1064 942 Tityre,
1085 890 1200 928 nobis.

665 957 828 1011 Tityrus.

234 1025 377 1063 Urbem
397 1038 504 1074 quam
525 1024 649 1061 dicunt
675 1025 844 1068 Romam,
866 1023 1064 1067 Meliboee,
1083 1022 1209 1073 putavi

234 1092 380 1130 Stultus
398 1105 468 1142 ego
489 1091 573 1127 huic
590 1100 731 1127 nostrae
747 1089 909 1134 similem,
925 1104 999 1139 quo
1016 1103 1121 1140 saepe
1135 1088 1294 1128 solemus

232 1160 402 1198 Pastores
421 1157 541 1194 ovium
562 1166 704 1193 teneros
724 1156 901 1206 depellere
921 1155 1017 1193 fctus
1036 1171 1046 1194 :

234 1227 296 1264 Sic
316 1226 464 1262 canibus
484 1222 623 1260 catulos
642 1221 777 1265 similis,
797 1222 846 1259 sic
867 1222 1041 1259 matribus
1061 1222 1208 1268 haedos,

231 1292 370 1330 Noram
389 1307 399 1335 ;
429 1291 478 1327 sic
499 1289 614 1339 parvis
634 1302 851 1337 componere
867 1302 997 1340 magna
1013 1289 1185 1327 solebam.

231 1358 369 1395 Verum
390 1357 478 1393 haec
498 1364 639 1391 tantum
660 1354 744 1391 alias
762 1354 855 1392 inter
878 1367 989 1405 caput
1009 1355 1143 1392 extulit
1163 1355 1275 1401 urbis,

231 1425 421 1475 Quantum
441 1422 537 1459 lenta
557 1420 672 1458 solent
693 1420 786 1457 inter
804 1421 955 1458 viburna
982 1421 1154 1472 cupressi.

645 1488 845 1525 Meliboeus.

232 1556 286 1595 Et
307 1570 399 1607 quae
419 1564 520 1592 tanta
540 1554 610 1592 fuit
635 1553 792 1591 Romam
813 1554 880 1592 tibi
899 1567 1025 1593 caussa
1044 1554 1186 1593 videndi
1204 1555 1217 1592 ?

658 1621 814 1674 Tityrus.

232 1689 404 1728 Libertas
422 1703 431 1726 ε
464 1701 569 1738 quae,
591 1701 680 1731 sera,
699 1698 817 1725 tamen
839 1687 997 1740 respexit
1017 1687 1184 1731 inertem,

229 1756 429 1796 Candidior
449 1765 641 1804 postquam
662 1754 826 1792 tondenti
841 1755 953 1791 barba
972 1755 1127 1792 cadebat
1146 1769 1156 1793 :

233 1822 412 1872 Respexit
432 1830 565 1864 tamen,
593 1829 630 1857 et
649 1819 762 1872 longo
783 1830 867 1871 post
887 1830 1053 1871 tempore
1073 1820 1188 1865 venit,

231 1889 432 1939 Postquam
452 1900 516 1923 nos
535 1886 738 1938 Amaryllis
757 1888 882 1931 habet,
903 1887 1059 1926 Galatea
1077 1885 1236 1936 reliquit.

231 1957 413 2006 Namque,
434 1955 576 1993 fatebor
591 1955 698 1999 enim,
715 1955 801 1991 dum
821 1968 877 1991 me
899 1953 1056 1992 Galatea
1074 1952 1238 1996 tenebat,

231 2023 312 2062 Nec
334 2037 414 2073 spes
433 2022 611 2061 libertatis
630 2030 720 2064 erat,
742 2034 807 2058 nec
828 2033 914 2057 cura
934 2019 1052 2070 peculi
1077 2035 1088 2058 :

234 2090 407 2139 Quamvis
427 2089 539 2126 multa
559 2088 644 2126 meis
665 2088 780 2125 exiret
799 2086 943 2124 victima
963 2086 1075 2136 septis

232 2155 398 2206 Pinguis,
417 2165 453 2192 et
473 2156 634 2207 ingratae
653 2163 879 2205 premeretur
892 2166 1017 2190 caseus
1036 2151 1132 2196 urbi,

232 2220 318 2259 Non
332 2234 501 2272 umquam
514 2222 634 2274 gravis
644 2234 724 2260 aere
735 2221 883 2259 domum
894 2219 979 2258 mihi
992 2219 1126 2258 dextra
1136 2217 1287 2258 redibat.
1298 2257 1300 2259 ,
