1493 2605
198 313 231 337 v.
253 300 344 340 777.
517 294 819 335 AENEIDOS
876 296 933 334 11.
1167 298 1246 338 175

199 409 236 448 Ο
257 408 372 447 dulcis
392 408 576 459 conjunx?
603 422 674 445 non
693 408 782 446 haec
801 409 876 446 sine
895 408 1038 446 numine
1057 408 1176 445 divom

198 475 382 514 Eveniunt
433 488 497 511 nec
514 483 550 511 te
570 474 653 511 hinc
672 475 844 511 comitem
863 483 1047 524 asportare
1067 474 1242 512 Creiisam

199 541 270 581 Fas
287 557 298 587 ς
327 550 390 579 aut
410 540 468 578 ille
487 541 569 578 sinit
589 541 707 590 superi
727 550 899 592 regnator
919 541 1086 592 Olympi.

199 607 336 659 Longa
349 609 417 645 tibi
428 607 608 652 exsilia‚et
621 616 762 644 vastum
778 608 885 645 maris
900 622 1037 658 aequor
1051 608 1241 645 arandum:

158 708 164 709 ⁷
200 674 254 712 Et
275 685 407 712 terram
428 674 648 724 Hesperiam
667 675 786 711 venies
804 690 815 719 3
846 674 906 711 ubi
928 675 1089 722 Lydius,
1117 689 1199 712 arva

200 741 305 780 Inter
321 742 443 792 opima
458 741 583 786 virum,
612 740 681 778 leni
703 741 784 778 fluit
804 741 947 792 agmine
966 741 1145 793 Thybris.

201 809 284 847 Illic
303 824 358 847 res
376 809 504 854 laetae,
533 822 771 860 regnumque,
800 817 838 846 et
859 810 955 860 regia
977 812 1136 861 conjunx

201 876 311 914 Parta
329 876 396 913 tibi
415 891 424 914 :
454 875 616 913 lacrimas
637 874 790 912 dilectae
811 875 906 925 pelle
926 875 1100 913 Creusae.

201 943 288 981 Non
303 957 374 995 ego
391 942 664 993 Myrmidonum
681 942 792 986 sedeS,
807 942 1058 993 Dolopumve,
1072 945 1246 995 superbas

200 1009 435 1059 Adspiciam‚
463 1019 524 1047 aut
546 1009 668 1048 Graiis
690 1009 859 1046 servitum
880 1010 1054 1047 matribus
1073 1011 1148 1058 ibo,

202 1077 402 1121 Dardanis,
429 1086 465 1114 et
486 1077 587 1114 divae
609 1076 760 1114 Veneris
781 1090 918 1122 nurus;

204 1144 279 1182 Sed
299 1157 354 1181 me
375 1157 505 1196 magna
524 1143 630 1181 desim
652 1143 832 1182 Genetrix
852 1143 907 1179 his
927 1143 1067 1181 detinet
1087 1144 1173 1182 oris.

201 1211 356 1261 Jamque
376 1210 464 1254 vale,
491 1220 529 1248 et
547 1210 621 1248 nati
640 1225 742 1248 serva
761 1210 962 1247 communis
981 1224 1153 1249 amorem.

203 1278 316 1315 Haec
336 1278 397 1315 ubi
417 1277 515 1315 dicta
534 1277 647 1321 dedit,
667 1277 926 1321 lacrimantem,
944 1287 982 1315 et
998 1277 1113 1316 multa
1130 1278 1250 1318 volen-

203 1344 362 1399 Dicere,
374 1344 545 1389 deseruit,
565 1344 756 1395 tenuisque
776 1344 922 1382 recessit
939 1344 974 1380 in
990 1358 1106 1382 auras.
1147 1348 1246 1397 [tem

204 1411 283 1450 Ter
302 1422 454 1449 conatus
473 1411 523 1448 ibi
542 1411 638 1448 collo
659 1411 742 1448 dare
762 1411 910 1448 brachia
929 1411 1094 1450 circum—z

203 1479 295 1523 Ter,
315 1478 449 1516 frustra
468 1492 694 1528 comprensa,
713 1492 838 1516 manus
855 1477 987 1528 effugit
1007 1478 1143 1531 imago,

206 1545 277 1583 Par
295 1544 433 1582 levibus
451 1545 578 1589 ventis,
606 1544 816 1594 volucrique
837 1543 1015 1582 simillima
1035 1559 1177 1584 somno.

208 1610 268 1649 Sic
290 1611 435 1648 demum
456 1610 572 1648 socios
591 1620 780 1648 consumta
800 1621 909 1648 nocte
929 1611 1055 1649 reviso.

257 1679 392 1728 Atque
406 1677 466 1715 hic
483 1678 666 1728 ingentem
681 1678 855 1715 comitum
868 1677 1060 1716 adfluxisse
1075 1693 1252 1718 novorum

209 1745 359 1782 Invenio
375 1735 553 1781 admirans
572 1757 761 1781 numerum
778 1760 790 1789 3
819 1754 1036 1794 matresque,
1054 1744 1235 1796 virosque,

206 1811 411 1851 Collectam
431 1810 556 1848 exsilio
576 1811 726 1861 pubem,
754 1811 954 1849 miserabile
975 1811 1116 1864 volgus.

209 1878 384 1928 Undique
404 1891 617 1922 convenere,
645 1878 770 1916 animis
789 1878 995 1928 opibusque
1014 1879 1146 1929 parati,

209 1945 253 1982 In
275 1958 524 1995 quascumque
543 1944 649 1982 velim
667 1945 802 1996 pelago
822 1945 1001 1982 deducere
1020 1954 1146 1984 terras.

205 2014 362 2064 Jamque
376 2012 476 2064 jugis
496 2026 654 2050 summae
674 2013 848 2063 surgebat
869 2011 1023 2050 Lucifer
1044 2007 1153 2059 Idae,

209 2079 458 2129 Ducebatque
479 2079 574 2116 diem
592 2094 603 2124 ς
634 2078 829 2129 Danaique
847 2079 990 2116 obsessa
1011 2081 1183 2120 tenebant

209 2144 356 2182 Limina
375 2155 562 2196 portarum
579 2161 591 2192 3
620 2160 686 2183 nec
707 2159 788 2196 spes
807 2145 888 2196 opis
907 2145 979 2184 ulla
999 2147 1177 2186 dabatur:

210 2211 325 2257 Cessi,
352 2221 390 2250 et
409 2212 555 2251 sublato
575 2223 737 2252 montem
757 2213 922 2265 genitore
942 2214 1069 2264 petivi.
