1493 2605
129 333 161 357 v.
180 320 270 360 4572
433 317 735 355 AENEIDOS
793 316 874 353 ΙΙΙ.
1105 317 1180 355 193

128 429 298 467 Loricam
318 438 518 466 consertam
539 429 651 465 hamis
670 442 831 478 auroque
850 427 1023 472 trilicem,-

126 499 179 534 Et
199 511 331 534 conum
350 482 499 547 insignis
516 494 657 546 galeae,
685 495 884 544 cristasque
903 494 1095 540 comantis,-

124 567 244 602 Arma
265 563 510 614 Neoptolemi.
570 563 665 600 Sunt
684 572 722 599 et
742 575 805 600 sua
823 562 917 598 dona
936 560 1089 611 parenti.

123 631 248 668 Addit
268 644 395 680 equos,
416 629 591 679 additque
611 630 745 666 duces:

126 696 337 747 Remigium
357 696 501 748 supplet
520 711 530 734 z
560 696 678 733 socios
699 695 804 732 simul
822 695 970 733 instruit
989 694 1107 732 armis.

177 764 321 801 Interea
339 762 487 800 classem
507 763 592 800 velis
612 774 739 813 aptare
754 763 910 814 jubebat

122 831 320 874 Anchises,
339 831 440 867 fieret
460 839 564 867 vento
585 843 684 866 mora
704 844 746 866 ne
767 843 839 879 qua
858 828 1014 874 ferenti;

123 897 245 945 Quem
267 897 406 935 Phoebi
425 897 602 947 interpres
630 895 747 933 multo
767 895 964 946 compellat
983 896 1146 932 honore:

121 964 319 1015 Conjugio,
348 963 531 1007 Anchisa,
553 964 704 1001 Veneris
724 963 873 1014 dignate
893 963 1067 1012 superbo,

123 1032 223 1069 Cura
242 1031 362 1074 deum,
381 1031 436 1067 bis
458 1030 666 1081 Pergameis
695 1037 819 1081 erepte
837 1030 962 1075 ruinis,

122 1097 224 1134 Ecce
245 1096 312 1134 tibi
331 1098 520 1135 Ausoniae
540 1096 670 1134 tellus!
708 1096 802 1134 hanc
821 1097 947 1146 adripe
967 1096 1065 1133 velis.

122 1166 176 1202 Et
196 1174 314 1202 tamen
333 1165 427 1202 hanc
448 1165 580 1216 pelago
599 1164 863 1215 praeterlabare
882 1178 1024 1202 necesse
1043 1173 1099 1201 est
1115 1178 1124 1202 :

120 1232 308 1270 Ausoniae
327 1245 409 1281 pars
428 1231 488 1268 illa
506 1231 649 1282 procul,
669 1245 776 1281 quam
797 1231 924 1282 pandit
944 1230 1102 1282 Apollo.

121 1298 238 1342 Vade,
268 1298 331 1342 ait,
361 1312 383 1334 o
404 1298 491 1336 felix
513 1298 587 1335 nati
607 1297 744 1348 pietate
761 1301 770 1335 l
795 1298 884 1348 quid
905 1298 1001 1335 ultra

121 1365 320 1410 Proveh0r‚
341 1374 377 1402 et
397 1364 508 1401 fando
529 1365 710 1416 surgentis
730 1366 899 1402 demoror
918 1365 1092 1403 austros?

119 1432 200 1469 Nec
223 1431 339 1469 minus
357 1431 635 1475 Andromache,
655 1432 818 1482 digressu
831 1440 968 1468 moesta
987 1440 1173 1482 supremo,-

122 1499 211 1536 Fert
231 1498 430 1548 picturatas
449 1497 525 1535 auri
545 1497 747 1535 subtemine
766 1497 888 1542 vestis,

119 1567 172 1603 Et
181 1565 380 1617 Phrygiam
394 1564 558 1603 Ascanio
571 1563 820 1614 chlamydem;
834 1579 898 1602 nec
911 1565 1173 1613 cedithonore5

118 1632 402 1682 Textilibusque
421 1640 547 1668 onerat
567 1631 684 1675 donis,
714 1644 755 1668 ac
776 1631 861 1668 talia
882 1631 980 1669 fatur
998 1648 1008 1671 ε
1066 1637 1170 1684 [rum

117 1700 264 1749 Accipe
283 1709 321 1736 et
334 1699 438 1742 haec,
456 1712 626 1734 manuum
639 1697 705 1734 tibi
719 1712 810 1747 quae
828 1708 1058 1736 monumenta
1075 1713 1171 1737 mea-

118 1767 212 1810 Sint,
229 1780 332 1816 puer,
350 1776 387 1803 et
407 1765 560 1816 longum
574 1764 859 1803 Andromachae
871 1775 1051 1804 testentur
1069 1781 1168 1804 amo-

381 1846 471 1876 rem,

115 1899 295 1951 Conjugis
316 1899 539 1937 Hectoreae.
570 1899 672 1949 Cape
693 1900 788 1936 dona
806 1910 968 1937 extrema
987 1910 1150 1948 tuorum,

115 1968 151 2005 O
174 1967 260 2003 mihi
281 1966 356 2003 sola
375 1966 443 2002 mei
464 1979 571 2015 super
590 1966 833 2016 Astyanactis
851 1967 973 2019 imago
991 1970 1000 2005 !

114 2034 176 2071 Sic
196 2032 336 2077 oculos,
356 2034 406 2069 sic
426 2032 482 2070 ille
503 2046 641 2077 manus,
671 2032 721 2070 sic
741 2047 804 2070 ora
823 2033 963 2071 ferebat
980 2050 991 2080 3

112 2100 168 2139 Et
187 2114 281 2137 nune
299 2099 439 2150 aequali
458 2109 581 2137 tecum
599 2100 816 2149 pubesceret
836 2114 935 2138 aevo.
967 2124 970 2128 ·

114 2167 200 2204 Hos
221 2181 290 2217 ego
310 2167 516 2217 digrediens
534 2166 689 2203 lacrimis
703 2165 840 2203 affabar
857 2166 997 2205 obortis
1013 2180 1028 2207 θ

111 2233 236 2272 Vivite
255 2233 390 2279 felices,
410 2235 543 2286 quibus
561 2243 616 2271 est
637 2232 783 2272 fortuna
800 2244 952 2286 peracta·

167 2299 284 2339 Toni.
308 2301 342 2338 Ι.
613 2300 645 2338 Β
667 2301 691 2338 b
