1493 2605
239 257 315 293 ΗΟ
520 251 865 292 GEORGICON
923 252 994 290 IV.
1140 265 1172 290 v.
1191 254 1280 293 827.

237 369 355 412 Quem
377 365 462 403 mihi
478 365 534 402 vix
552 365 699 416 frugum
719 373 755 401 et
778 364 957 414 pecudum
977 362 1142 401 custodia
1158 362 1281 404 sollers

238 433 370 470 Omnia
390 433 542 469 tentanti
563 431 769 474 extuderat,
789 440 825 468 te
845 439 971 474 matre,
992 429 1166 479 relinquo.

236 499 335 548 Quin
357 512 437 547 age,
457 508 492 535 et
514 499 588 547 ipsa
604 511 709 534 manu
737 496 850 534 felicis
869 510 952 534 erue
972 496 1073 533 silvas
1092 511 1102 541 ;

238 565 307 601 Fer
323 565 472 602 stabulis
488 564 669 601 inimicum
685 564 819 615 ignem,
832 573 940 613 atquc
958 563 1118 601 interfice
1133 563 1253 600 messis
1267 577 1277 607 ;

236 633 314 669 Ure
332 642 420 676 sata,
439 641 475 668 et
497 631 647 668 validam
667 631 700 667 in
721 629 802 667 vitis
822 629 946 666 molire
965 629 1157 679 bipennem
1174 644 1183 667 :

233 699 357 736 'l'anta
375 712 472 736 meae
492 699 519 736 si
539 708 576 736 te
596 706 768 748 ceperunt
789 697 905 735 taedia
934 696 1062 734 laudis.

288 766 348 803 At
368 775 482 803 mater
501 765 656 802 sonitum
677 764 836 802 thalamo
856 765 922 802 sub
939 764 1092 802 fluminis
1111 762 1173 801 alti

234 832 354 870 Sensit
372 847 380 870 :
411 846 488 870 eam
507 833 643 869 circum
664 831 807 869 Milesia
826 831 955 868 vellera
974 830 1154 881 nymphae

233 899 456 949 Carpebant,
476 898 572 948 hyali
593 908 714 936 saturo
729 897 852 935 fucata
871 897 992 935 colore
1009 913 1021 942 ;

233 966 467 1016 Drymoque,
485 966 724 1015 Xanthoque,
741 964 947 1016 Ligeaque,
964 963 1277 1015 Phyllodoceque,

232 1033 433 1070 Caesan‘em
451 1033 584 1071 effusae
604 1032 752 1069 nitidam
772 1045 837 1082 per
855 1031 1007 1069 candida
1026 1030 1144 1078 colla;

234 1099 386 1144 Nesaee,
408 1100 584 1150 Spioque,
600 1098 816 1149 Thaliaque.
840 1098 1142 1150 Cymodoceque,

231 1166 476 1217 Cydippeque
495 1175 532 1204 et
553 1166 641 1204 flava
662 1166 866 1216 Lycorias;
895 1165 1006 1203 altera
1028 1165 1144 1217 virgo,

231 1232 366 1270 Altera
386 1242 466 1271 tum
484 1234 619 1283 primos
640 1233 805 1270 Lucinae
823 1241 974 1282 experta
993 1232 1132 1270 labores
1153 1247 1165 1277 ς

230 1298 398 1349 Clioque,
418 1309 454 1337 et
477 1299 596 1338 Ber'oe
616 1314 729 1342 soror,
752 1299 986 1338 Oceanitides
1005 1299 1143 1343 ambae,

231 1366 378 1402 Ambae
397 1380 498 1410 auro,
518 1366 626 1416 pictis
644 1367 822 1404 incinctae
842 1365 994 1416 pellibus
1014 1366 1139 1402 ambae
1157 1381 1167 1410 ;

229 1432 362 1481 Atque
384 1431 549 1482 Ephyre,
567 1441 675 1482 atque
696 1432 803 1482 Opis,
823 1441 860 1469 et
882 1431 975 1469 Asia
995 1432 1162 1481 Deiopea
1183 1447 1193 1476 ;

232 1497 300 1541 Et,
319 1497 464 1535 tandem
484 1498 622 1548 positis,
644 1498 747 1536 velox
769 1498 972 1541 Arethusa,
999 1498 1154 1549 sagittis.

230 1565 332 1601 Inter
350 1578 437 1614 quas
457 1579 579 1602 curam
601 1565 776 1615 Clymene
805 1566 970 1603 narrabat
990 1565 1131 1604 inanem

230 1630 398 1674 Volcani,
420 1630 625 1682 Martisque
645 1631 747 1670 dolos
765 1642 802 1670 et
823 1632 942 1670 dulcia
965 1631 1059 1669 furta
1077 1648 1087 1678 ;

230 1699 362 1748 Atque
383 1700 488 1738 Chao
508 1700 636 1737 densos
655 1700 774 1737 divom
795 1700 1004 1737 numerabat
1024 1713 1173 1738 amores.

229 1766 394 1804 Carmine
414 1781 487 1817 quo
507 1776 649 1818 captae,
669 1767 756 1804 dum
775 1766 863 1804 fusis
882 1766 1003 1804 mollia
1021 1781 1130 1816 pensa

230 1832 456 1877 Devolvunt‚
478 1833 607 1872 iterum
628 1844 804 1871 maternas
823 1833 964 1885 impulit
985 1833 1079 1871 auris

228 1898 374 1937 Luctus
395 1900 568 1944 Aristaei,
588 1900 781 1950 vitreisque
800 1900 971 1937 sedilibus
991 1914 1114 1937 omnes

226 1965 461 2015 Obstupuere
478 1984 489 2013 ;
517 1967 592 2011 sed,
611 1975 693 2004 ante
712 1967 810 2011 alias,
830 1966 1034 2010 Arethusa,
1055 1981 1191 2004 sorores

227 2031 469 2082 prospiciens,
490 2046 625 2069 summa
646 2033 775 2070 ssavum
795 2042 907 2082 caput
927 2032 1059 2070 extulit
1079 2033 1188 2071 unda.

227 2096 279 2134 Et
299 2098 452 2146 procul:
485 2099 520 2136 O
541 2099 680 2150 gemitu
701 2112 770 2135 non
791 2098 925 2135 frustra
943 2099 1115 2136 exterrita
1133 2108 1253 2144 tanto,
1292 2119 1296 2124 ·
1316 2111 1318 2113 ’

227 2163 370 2213 Cyrene
390 2168 515 2203 soror!
548 2165 622 2216 ipse
642 2165 722 2212 tibi,
750 2175 814 2204 tua
832 2166 985 2203 maxima
1003 2179 1102 2212 cura,
