1493 2605
181 344 219 366 ν.
236 330 326 367 523.
488 323 790 364 AENEIDOS
846 323 920 361 IV.
1158 323 1230 360 221

187 441 356 490 Corpora
377 450 440 486 per
459 446 583 481 terras,
613 436 792 486 silvaeque
811 444 848 473 et
868 447 969 472 saeva
988 432 1154 484 quierant

190 508 369 556 Aequora
387 520 398 550 ς
429 518 542 554 quum
561 503 679 540 medio
699 503 894 539 volvuntur
912 501 1026 538 sidera
1043 499 1147 549 lapsu
1164 513 1176 542 ς

189 574 316 622 Quum
328 581 425 608 tacet
437 570 552 607 omnis
564 583 664 621 ager:
679 569 847 619 pecudes,
861 568 1050 618 pictaeque
1063 565 1240 609 volucres,

191 641 370 688 Quaeque
390 637 489 674 lacus
509 636 582 673 late
602 636 773 685 liquidos,
794 649 959 685 quaeque
979 647 1105 684 aspera
1123 632 1241 670 dumis

192 705 296 742 Rura
314 713 453 748 tenent,
482 717 607 740 somno
627 702 767 752 positae
789 702 855 738 sub
872 710 980 739 nocte
999 700 1133 745 silenti,

190 772 375 810 Lenibant
395 784 512 813 curaS,
532 778 570 806 et
589 769 698 806 corda
717 768 833 805 oblita
851 767 1029 805 laborum.

193 841 253 878 At
273 853 358 883 non,
386 837 509 875 infelix
530 836 650 880 animi,
683 835 906 879 Phoenissa3
938 849 1052 884 neque
1071 848 1244 884 umquam

194 906 358 944 Solvitur
377 905 412 941 in
433 917 591 946 somnos,
618 901 776 938 oculisve
795 910 858 937 aut
878 911 1027 951 pectore
1046 910 1192 938 noctem

192 971 351 1021 Accipit
369 986 378 1008 ε
409 970 633 1021 ingeminant
653 981 760 1005 curae
778 984 789 1014 ;
817 981 1010 1017 rursusque
1029 980 1219 1018 resurgens

194 1038 317 1077 Saevit
336 1051 450 1081 amor,
470 1049 677 1087 magnoque
696 1034 829 1070 irarum
849 1034 1003 1071 fluctuat
1022 1044 1136 1073 aestu.

195 1105 258 1143 Sic
277 1105 369 1142 adeo
387 1103 534 1147 insistit,
562 1115 755 1151 secumque
775 1101 826 1137 ita
843 1101 953 1138 corde
973 1101 1138 1142 volutat:

196 1172 256 1210 En
276 1174 287 1209 l
318 1171 408 1221 quid
427 1184 497 1221 ago
514 1170 528 1207 ?
555 1182 722 1206 rursusne
742 1181 873 1218 procos
892 1168 991 1205 irrisa
1010 1169 1148 1219 priores

197 1238 407 1288 Experiar?
435 1235 718 1285 Nomadumque
738 1244 861 1283 petam
877 1236 1057 1272 connubia
1078 1236 1247 1288 supplex,

197 1306 304 1354 Quos
323 1318 394 1355 ego
414 1303 477 1340 sim
499 1301 608 1339 toties
622 1304 697 1353 jam
718 1301 917 1352 dedignata
936 1302 1085 1339 maritos
1101 1303 1115 1340 ἓ

197 1371 328 1409 Iliacas
348 1370 463 1421 igitur
482 1369 616 1412 classis,
631 1378 743 1418 atque
762 1368 893 1405 ultima
913 1368 1100 1407 Teucrum

196 1438 220 1475 J
224 1451 318 1481 ussa,
337 1436 492 1487 sequar?
520 1435 651 1486 quiane
670 1434 805 1471 auxilio
820 1437 923 1485 juvat
942 1444 1026 1472 ante
1043 1436 1194 1481 levatos,

197 1504 286 1541 Aut
305 1504 396 1540 bene
415 1502 513 1552 apud
531 1515 705 1538 memores
725 1501 855 1538 veteris
875 1511 947 1539 stat
967 1503 1084 1553 gratia
1104 1503 1190 1541 facti
1208 1505 1223 1542 ἓ

199 1571 295 1621 Quis
314 1585 369 1607 me
389 1579 524 1613 autem,
544 1569 600 1607 fac
613 1568 716 1611 velle,
738 1569 843 1613 sinet,
863 1570 1044 1608 ratibusve
1060 1574 1223 1622 superbis

201 1638 358 1675 Invisam
372 1635 527 1686 accipiet
545 1637 557 1673 ?
586 1635 700 1673 nescis
720 1635 791 1672 heu
807 1637 816 1672 !
840 1635 996 1685 perdita,
1015 1638 1172 1675 necdum

200 1703 502 1742 Laomedonteae
523 1702 633 1740 sentis
653 1702 808 1752 perjuria
827 1702 974 1753 gentis?
1179 1702 1191 1723 ¹·

202 1770 306 1820 Quid
325 1781 404 1807 tum
421 1771 434 1808 ἓ
462 1769 537 1806 sola
557 1769 644 1820 fuga
666 1779 790 1805 nautas
810 1768 1015 1806 comitabor
1033 1771 1184 1817 ovantis,

201 1838 284 1882 An,
304 1836 431 1887 Tyriis
450 1836 620 1886 omnique
640 1849 747 1872 manu
765 1835 899 1885 stipata
916 1849 1092 1881 meorum,

204 1902 374 1940 Inferar?
401 1911 452 1946 et,
473 1916 565 1952 quos
588 1902 736 1939 Sidonia
756 1902 815 1939 vix
836 1901 926 1939 urbe
945 1903 1080 1948 revelli,

206 1970 349 2008 Rursus
369 1983 474 2020 agam
494 1968 641 2020 pelago,
669 1978 706 2006 et
726 1969 841 2006 ventis
861 1970 945 2007 dare
965 1970 1042 2007 vela
1054 1972 1194 2022 jubebo
1211 1973 1225 2010 ?
1241 1972 1254 2026 J

205 2036 306 2086 Quin
320 2050 471 2079 morere,
486 2044 528 2072 ut
543 2036 670 2072 merita
682 2049 738 2081 es3
759 2035 928 2086 ferroque
942 2047 1062 2074 averte
1075 2038 1249 2078 dolorem.

205 2102 285 2152 Tu,
304 2102 458 2139 lacrimis
478 2102 595 2139 evicta
614 2102 714 2148 meis,
743 2112 785 2140 tu
808 2103 920 2155 prima
938 2102 1118 2141 furentem

208 2170 298 2215 His,
317 2183 497 2221 germana,
514 2169 615 2206 malis
634 2183 774 2215 oneras,
794 2179 903 2221 atque
923 2171 1050 2223 objicis
1069 2172 1180 2211 hosti.

209 2236 296 2276 Non
314 2235 417 2275 licuit
436 2235 586 2287 thalami
603 2240 789 2288 expertem
809 2238 882 2276 sine
901 2238 1048 2276 crimine
1068 2239 1177 2277 vitam
