1493 2605
214 278 264 313 26
576 273 887 314 BUCOLICA.
1157 284 1190 309 ν.
1209 274 1272 311 58.

655 386 829 438 Corydon.

211 452 318 491 Stant
339 463 374 490 et
390 452 560 504 juniperi,
580 462 616 490 et
637 461 822 489 castaneae
843 450 1000 489 hirsutae
1018 466 1028 497 ;

209 519 331 557 Strata
346 522 466 570 jacent
489 519 619 569 passim
641 532 703 555 sua
724 531 867 569 quaque
888 519 954 554 sub
975 518 1102 555 arbore
1117 530 1253 568 poma;

210 586 344 624 Omnia
367 601 459 624 nunc.
482 587 597 623 rident
617 602 626 623 ι
658 595 709 629 at,
730 585 757 622 si
779 584 957 621 formosus
978 584 1112 622 Alexis

207 653 401 691 Montibus
421 654 476 691 his
496 655 615 697 abeat,
644 653 761 689 videas
781 660 817 688 et
839 651 985 688 flumina
1004 652 1110 690 sicca.

656 720 816 771 Thyrsis.

206 790 306 827 Aret
327 803 440 840 ager;
471 788 558 825 vitio
579 786 733 824 moriens
753 786 829 823 sitit
850 785 939 824 a'e'ris
959 785 1070 823 herba
1088 800 1098 831 ς

204 855 321 892 Liber
341 856 548 906 pampineas
568 854 693 891 invidit
716 852 869 891 collibus
891 853 1034 889 umbras
1052 867 1062 889 ι

201 923 384 972 Phyllidis
404 923 560 960 adventu
584 930 723 957 nostrae
747 934 870 957 nemus
891 933 996 955 omne
1016 918 1160 963 virebit,

201 989 347 1039 Jupiter
365 998 401 1025 et
422 988 516 1024 laeto
536 987 732 1024 descendet
753 985 928 1035 plurimus
947 984 1068 1023 imbri.

657 1052 831 1106 Corydon.

202 1121 367 1170 Populus
387 1121 548 1158 Alcidae
568 1120 783 1172 gratissima,
799 1120 882 1157 vitis
903 1118 1055 1164 Iaccho,

202 1189 399 1226 Formosae
420 1198 561 1239 myrtus
582 1188 730 1231 Veneri,
752 1200 815 1224 sua
834 1186 953 1224 laurea
975 1188 1127 1225 Phoebo
1146 1203 1158 1233 ;

202 1256 344 1307 Phyllis
364 1265 458 1292 amat
486 1254 656 1292 corulos:
689 1253 765 1291 illas
787 1254 872 1290 dum
903 1253 1043 1304 Phyllis
1063 1253 1210 1300 amabit,

201 1322 281 1361 Nec
303 1332 443 1373 myrtus
462 1323 581 1359 vincet
601 1319 759 1363 corulos,
780 1333 844 1357 nec
864 1319 984 1357 laurea
1004 1320 1157 1358 Phoebi.

648 1388 809 1440 Thyrsis.

202 1455 381 1494 Fraxinus
400 1456 434 1492 in
456 1455 550 1493 silvis
571 1454 828 1505 pulcherrima,
849 1454 953 1504 pinus
973 1454 1007 1491 in
1027 1454 1159 1500 hortis,

200 1522 368 1572 Populus
390 1523 423 1558 in
447 1522 577 1566 fluviis,
598 1521 694 1558 abies
714 1521 748 1557 in
770 1521 954 1558 montibus
973 1520 1056 1558 altis
1075 1536 1086 1559 :

204 1589 354 1640 Saepius
375 1598 411 1625 at
433 1588 459 1625 si
481 1602 549 1632 me,
573 1589 718 1637 Lycida
738 1587 909 1632 formose,
931 1586 1072 1631 revisas,

209 1656 390 1694 Fraxinus
410 1655 444 1691 in
466 1654 560 1692 silvis
580 1655 683 1692 cedat
704 1655 785 1699 tibi,
805 1655 911 1705 pinus
929 1654 965 1691 in
984 1653 1112 1692 hortis.

623 1722 826 1760 Meliboeus.

203 1790 311 1829 Haec
327 1790 485 1835 memini,
501 1799 538 1828 et
553 1789 689 1826 victum
705 1788 839 1826 frustra
853 1788 1072 1826 contendere
1088 1789 1265 1840 Thyrsin,

205 1856 266 1896 Ex
285 1857 347 1895 illo
367 1857 557 1909 Corydon,
588 1857 764 1906 Corydon
784 1865 840 1894 est
859 1864 1023 1908 tempore
1042 1856 1158 1894 nobis.

605 2065 857 2073 Ι

1021 2188 1270 2231 ECLOGA-v
