1493 2605
164 289 198 313 v.
213 276 302 313 209.
490 270 790 310 AENEIDOS
846 271 880 310 I.
1133 274 1208 315 127

167 386 279 435 Spem
298 382 398 421 voltu
417 381 573 426 simulat,
595 381 727 432 premit
745 373 865 419 altum'
877 382 987 420 corde
1006 382 1182 423 dolorem.

164 451 225 488 Illi
245 463 281 487 se
301 449 453 499 praedae
481 448 677 498 accingunt
696 447 922 498 dapibusque
941 447 1073 487 futuris
1089 465 1100 487 :

161 518 331 568 Tergora
350 516 530 566 deripiunt
552 514 675 556 costis,
691 524 728 551 et
746 514 881 552 viscera
900 515 1050 552 nudant.

163 584 251 622 Pars
270 583 305 619 in
325 582 438 619 frusta
458 590 592 624 secant,
619 581 832 631 veribusque
851 581 1041 619 trementia
1060 582 1178 633 figunt
1197 599 1210 621 :⁷

162 649 311 687 Littore
330 650 418 686 ae'na
437 647 558 685 locant
577 646 648 690 alii,
669 646 899 697 flammasque
919 647 1132 686 ministrant.

160 715 263 753 Tum
282 715 380 752 victu
400 722 570 752 revocant
589 713 677 750 vires
695 728 705 758 ;
734 713 876 764 fusique
900 728 963 764 per
982 714 1131 752 herbam

121 777 126 780 ¹
162 781 368 831 Implentur
387 781 516 818 veteris
538 779 674 817 Bacchi
694 780 910 831 pinguisque
930 781 1076 819 ferinae.

162 848 362 898 Postquam
375 856 543 897 exempta
554 845 665 883 fames
675 846 1024 898 epuliS,mensaeque
1037 859 1210 896 remotae,

161 915 331 953 Amissos
351 914 462 966 longo
483 914 598 951 socios
618 927 778 951 sermone
798 915 999 965 requirunt,

164 982 349 1032 Spemque
368 985 578 1031 metumque
597 980 691 1017 inter
709 981 823 1025 dubii,
843 995 904 1018 seu
919 982 1034 1020 vivere
1049 984 1212 1028 credant,

162 1048 246 1085 Sive
265 1057 425 1085 extrema
444 1047 534 1097 pati,
555 1061 621 1084 nec
635 1049 709 1098 jam
728 1048 896 1085 exaudire
914 1058 1075 1087 vocatos.

163 1115 362 1165 Praecipue
382 1115 462 1164 pius
482 1114 642 1158 Aeneas,
662 1128 755 1151 nunc
775 1115 864 1152 acris
884 1116 1034 1160 Oronti,

163 1181 272 1219 Nunc
296 1181 435 1231 Amyci
456 1193 578 1217 casum
599 1180 728 1231 gemit,
748 1190 785 1217 et
805 1181 963 1218 crudelia
983 1196 1105 1219 secum

162 1246 254 1284 Fata
271 1246 382 1297 Lyci,
399 1245 602 1296 fortemque
617 1246 743 1297 Gyan,
756 1246 960 1297 fortemque
973 1247 1208 1287 Cloanthum.

216 1314 270 1351 Et
285 1316 358 1365 jam
380 1313 458 1350 finis
474 1323 550 1350 erat
568 1328 577 1350 ε
600 1326 712 1363 quum
731 1313 888 1364 Jupiter,
906 1314 1049 1352 aethere
1070 1329 1211 1353 summo

162 1379 377 1429 Despicieus
393 1393 488 1416 mare
508 1379 712 1423 velivolum,
741 1389 924 1429 terrasque
940 1381 1105 1431 jacentis,

161 1445 395 1495 Litteraque,
414 1455 452 1483 et
471 1445 564 1483 latos
585 1445 753 1495 populos,
773 1445 822 1482 sic
844 1446 975 1482 vertice
995 1446 1088 1484 coeli

162 1512 357 1556 Constitit,
380 1522 416 1549 et
437 1512 582 1562 Libyae
601 1513 729 1549 defixit
748 1512 881 1549 lumina
899 1512 1032 1564 regnis.

162 1579 294 1628 Atque
313 1578 426 1623 illum,
454 1578 536 1616 talis
550 1580 748 1628 jactantem
768 1587 917 1628 pectore
935 1593 1052 1624 curas,

161 1645 333 1688 Tristior,
362 1654 398 1682 et
419 1644 574 1681 lacrimis
593 1644 718 1682 oculos
738 1645 873 1682 suffusa
891 1646 1053 1691 nitentis,

163 1710 383 1760 Alloquitur
395 1711 521 1747 Venus
539 1726 548 1748 :
572 1711 608 1748 O
623 1711 686 1761 qui
698 1725 752 1748 res
763 1712 1020 1762 hominumque
1033 1713 1210 1764 deumque

162 1777 338 1814 Aeternis
358 1776 455 1826 regis
473 1776 647 1826 imperiis,
667 1787 703 1814 et
724 1776 871 1814 fulmine
890 1787 1002 1815 terres
1019 1781 1027 1815 !

162 1843 264 1892 Quid
284 1856 386 1879 meus
406 1844 553 1880 Aeneas
572 1842 607 1879 in
627 1851 663 1880 te
681 1843 907 1880 committere
929 1853 1088 1888 tantum,

164 1909 268 1959 Quid
285 1908 407 1946 Tro'e's
434 1918 582 1958 potuere
601 1910 613 1947 ?
641 1910 785 1960 quibuS,
813 1919 872 1947 tot
891 1910 1016 1947 funera
1034 1911 1159 1961 passis,

162 1976 330 2013 Cunctus
349 1976 397 2012 ob
419 1975 563 2012 Italiam
582 1984 756 2013 terrarum
777 1975 959 2013 clauditur
976 1977 1086 2014 orbis.

162 2043 274 2081 Certe
294 2042 377 2080 hinc
401 2042 587 2080 Romanos
609 2042 708 2087 olim,
729 2042 954 2080 volventibus
972 2044 1086 2087 annis,

163 2109 266 2147 Hinc
285 2109 362 2147 fore
382 2110 565 2154 ductores,
585 2119 755 2147 revocato
777 2124 796 2146 a
817 2110 987 2161 sanguine
1006 2111 1158 2156 Teucri,

163 2176 240 2226 Qui
260 2189 369 2223 mare,
390 2176 452 2226 qui
472 2185 584 2214 terras
602 2176 700 2214 omni
719 2176 854 2214 ditione
876 2186 1051 2222 tenerent,
