1493 2605
191 288 225 312 v.
242 274 333 313 545.
522 268 826 314 AENEIDOS
882 268 917 307 1.
1165 270 1243 313 139

192 385 274 425 Nec
293 383 428 434 pietate
447 381 531 425 fuit,
561 395 626 418 nec
645 379 741 418 bello
770 372 896 432 major,
915 387 953 416 et
973 378 1076 416 armis
1095 393 1104 416 ε

191 453 312 502 Quem
333 450 361 487 si
380 449 456 486 fata
477 448 588 485 virum
608 457 762 491 servant,
792 447 819 484 si
839 447 996 484 vescitur
1023 459 1110 485 aura

191 516 386 560 Aetheria,
405 529 521 565 neque
541 515 660 552 adhuc
679 513 884 551 crudelibus
903 514 1063 551 occubat
1082 511 1243 557 umbri83

192 583 277 624 Non
298 592 427 626 metus,
448 581 569 625 officio
592 595 633 618 ne
653 591 690 619 te
709 591 864 619 certasse
885 582 1041 631 priorem

191 649 394 688 Poeniteat.
453 650 546 687 Sunt
566 658 603 685 et
625 648 755 686 Siculis
776 648 983 699 regionibus
1003 648 1123 692 urbes,

190 717 380 765 Arvaque,
411 715 645 766 Trojanoque
665 729 685 751 a
705 715 877 766 sanguine
896 714 1012 752 clarus
1030 715 1212 761 Acestes.-

190 783 411 833 Quassatam
431 782 545 820 ventis
564 782 669 819 liceat
689 782 890 822 subducere
910 782 1073 826 classem,

192 850 246 887 Et
268 849 360 887 silvis
380 858 505 898 aptare
525 849 659 893 trabes,
687 857 723 886 et
744 849 920 900 stringere
945 837 1086 895 remos;

195 916 234 954 Si
255 917 361 954 datur
378 915 540 960 Italiam,
571 916 688 959 sociis,
717 925 755 952 et
776 929 862 967 rege
882 925 1046 965 recepto,

192 982 375 1025 Tendere,
408 991 448 1022 ut
472 981 614 1020 Italiam
632 982 716 1020 laeti
732 982 957 1032 Latiumque
977 993 1141 1032 petamus
1154 997 1166 1020 ε

194 1048 257 1087 Sin
276 1048 441 1086 absumta
459 1047 567 1092 salus,
595 1059 632 1086 et
652 1058 701 1091 te,
722 1060 824 1098 pater
837 1048 976 1099 optime
996 1049 1196 1093 Teucrum,

194 1115 335 1153 Pontus
354 1114 464 1152 habet
485 1114 642 1164 Libyae,
674 1128 738 1151 nec
759 1128 840 1164 spes
854 1117 929 1166 jam
949 1125 1060 1152 restat
1084 1114 1182 1160 luli;

192 1181 253 1218 At
275 1180 366 1217 freta
390 1180 550 1218 Sicaniae
571 1180 710 1223 saltem,
741 1181 914 1230 sedesque
933 1191 1089 1230 paratas,

195 1247 305 1284 Unde
325 1246 396 1283 huc
416 1246 573 1290 advecti,
603 1260 797 1296 regemque
826 1255 992 1296 petamus
1013 1248 1195 1286 Acesten.

194 1312 348 1350 Talibus
372 1312 555 1351 Ilioneus:
586 1313 708 1350 cuncti
737 1312 842 1349 simul
861 1327 923 1350 ore
941 1311 1144 1351 fremebant

193 1379 441 1418 Dardanidae.

246 1446 346 1483 Tum
367 1445 522 1482 breviter
556 1446 675 1489 Dido,
703 1446 843 1482 voltum
863 1445 1030 1489 demissa,
1051 1445 1219 1495 profatur
1236 1461 1246 1484 :

196 1513 334 1551 Solvite
354 1513 464 1549 corde
482 1522 633 1554 metum,
663 1512 801 1550 Teucri
819 1528 830 1558 3
861 1512 1035 1550 secludite
1055 1527 1172 1552 curas.

199 1580 273 1617 Res
294 1580 382 1616 dura
401 1589 439 1616 et
459 1579 562 1630 regni
583 1579 722 1616 novitas
742 1593 798 1616 me
818 1579 904 1616 talia
924 1590 1069 1631 cogunt¹

195 1645 339 1689 Moliri,
367 1655 405 1683 et
424 1645 496 1682 late
515 1645 595 1682 finis
615 1646 767 1683 custode
796 1646 903 1683 tueri.

195 1713 291 1762 Quis
310 1726 425 1763 genus
445 1713 678 1756 Aeneadum,
707 1712 786 1762 quis
808 1712 944 1764 Trojae
957 1712 1092 1751 nesciat
1112 1714 1251 1760 urbem,

196 1780 451 1829 Virtutesque‚
483 1780 661 1829 virosque,
691 1789 754 1816 aut
774 1779 866 1816 tanti
885 1780 1048 1817 incendia
1068 1780 1182 1819 belli?

197 1846 284 1884 Non
304 1847 436 1883 obtusa
456 1845 546 1883 adeo
575 1856 759 1897 gestamus
779 1855 929 1895 pectora
949 1845 1063 1883 Poeni
1081 1862 1092 1891 ;

196 1912 278 1950 Nec
298 1921 372 1949 tam
392 1926 534 1949 aversus
562 1926 675 1962 equos
696 1912 813 1962 Tyria
835 1912 898 1950 Sol
913 1913 1039 1964 Juugit
1057 1914 1103 1949 ab
1124 1914 1224 1952 urbe.

199 1978 271 2015 Seu
293 1991 353 2015 vos
374 1978 594 2028 Hesperiam
615 1992 782 2030 magnam
805 1980 1045 2028 Saturniaque
1064 1993 1159 2025 arva,

200 2045 281 2083 Sive
304 2045 436 2096 Erycis
458 2046 535 2083 finis
556 2060 751 2097 regemque
770 2046 904 2096 optatis
925 2031 1092 2084 Acesten
1109 2063 1120 2092 ;

198 2111 355 2150 Auxilio
375 2122 477 2149 tutos
502 2113 695 2157 dimittam,
724 2113 928 2163 opibusque
943 2115 1092 2165 juvabo.

199 2179 322 2218 Vultis
341 2191 378 2219 et
398 2180 454 2219 his
473 2195 616 2220 mecum
634 2180 770 2232 pariter
797 2180 981 2219 considere
1001 2180 1151 2236 regnis?

683 2248 706 2285 S
737 2249 763 2285 2
