1493 2605
225 273 275 307 92
491 270 835 309 GEORGICON
897 271 975 308 111.
1126 276 1267 312 v.419.¹.

223 380 382 419 Latratu
407 383 568 418 turbabis
588 396 710 431 agens,
731 383 933 431 montisque
953 396 1017 432 per
1036 382 1127 419 altos

226 448 418 498 Ingentem
439 448 592 484 clamore
615 462 751 497 premes
778 448 822 483 ad
845 449 930 484 retia
950 463 1107 485 cervum.

277 515 390 551 Disce
410 525 444 551 et
465 515 650 550 odoratam
672 514 820 551 stabulis
840 515 1033 551 accendere
1052 515 1214 559 cedrum,

222 581 486 629 Galbaneoque
507 581 644 631 agitare
673 582 790 631 gravis
811 581 934 617 nidore
954 580 1159 630 chelydros.

222 648 337 696 Saepe
359 648 425 683 sub
446 647 604 683 immotis
626 648 872 696 praesepibus,
892 657 968 692 aut,
989 647 1079 683 mala
1097 656 1214 692 tactu,

218 712 356 761 Vipera
377 712 535 756 delituit,
555 712 768 762 coelumque
788 713 958 749 exterrita
978 712 1074 763 fugit
1093 727 1103 757 3

217 778 318 823 Aut,
339 788 440 816 tecto
460 779 629 815 adsuetus
649 779 798 816 coluber
818 779 1009 816 succedere
1029 790 1065 815 et
1087 779 1247 822 umbrae,

221 844 338 882 Pestis
360 846 487 882 acerba
507 846 632 889 boum,
655 847 848 896 pecorique
869 846 1082 895 adspergere
1104 845 1212 888 virus,

219 912 327 949 Fovit
342 912 504 949 humum.
537 914 636 961 Cape
650 926 732 948 saxa
746 913 1263 962 mzuiu,cape1·ob0ra,pastor‚

215 978 500 1028 Tollentemque
522 979 631 1015 minas
650 990 686 1015 et
708 979 810 1016 sibila
829 979 923 1016 colla
943 988 1145 1016 tumentem

213 1045 345 1096 Dejice
364 1061 372 1083 :
399 1048 545 1096 jamque
566 1047 654 1096 fuga
673 1045 838 1083 timidum
863 1055 974 1095 caput
993 1045 1132 1082 abdidit
1153 1045 1237 1089 alte,

215 1112 344 1160 Quum
365 1111 471 1149 medii
493 1125 604 1148 nexus
622 1123 876 1162 extremaeque
896 1111 1039 1163 agmina
1057 1111 1193 1150 caudae

213 1177 427 1222 Solvuntur,
447 1179 640 1229 tardosque
659 1179 769 1216 trahit
791 1179 885 1217 sinus
905 1178 1054 1218 ultimus
1071 1177 1183 1215 orbis.

215 1244 286 1281 Est
306 1245 414 1281 etiam
435 1244 493 1283 ille
513 1245 626 1284 malus
647 1245 809 1285 Calabris
829 1246 862 1282 in
884 1245 1033 1282 saltibus
1054 1244 1195 1295 anguis,

214 1313 395 1362 Squamea
414 1313 629 1350 convolvens
650 1313 792 1350 sublato
812 1322 960 1362 pectore
980 1321 1098 1362 terga,

211 1378 344 1428 Atque
366 1378 460 1415 notis
479 1378 625 1430 longam
645 1379 848 1416 maculosus
869 1378 1067 1430 grandibus
1087 1378 1202 1415 alvum
1223 1394 1232 1416 :

212 1445 303 1494 Qui,
323 1445 409 1481 dum
429 1459 546 1482 amnes
568 1445 628 1482 ulli
650 1455 867 1495 rumpuntur
888 1445 1063 1489 fontibus,
1091 1454 1127 1481 et
1148 1445 1235 1482 dum

212 1511 310 1549 Vere
331 1512 475 1548 madent
492 1512 564 1548 udo
584 1521 699 1548 ter-rae
718 1525 758 1549 ae
779 1511 993 1561 pluvialibus
1013 1512 1154 1555 austris,

213 1579 354 1629 Stagna
373 1578 475 1622 colit,
496 1579 653 1628 ripisque
674 1579 853 1622 habitans,
875 1578 932 1615 hic
953 1578 1113 1628 piscibus
1132 1588 1247 1616 atram

213 1645 410 1695 Improbus
429 1645 624 1696 ingluviem
641 1646 804 1696 ranisque
824 1644 1035 1694 loquacibus
1053 1644 1176 1694 explet
1193 1660 1206 1690 5

211 1711 414 1761 Postquam
429 1723 558 1749 exusta
576 1711 692 1762 palus,
705 1722 893 1762 terraeque
908 1711 1035 1754 ardore
1050 1710 1257 1756 dehiscunt,

211 1778 349 1816 Exsilit
368 1777 403 1814 in
424 1778 573 1822 siccum,
601 1788 652 1824 et,
683 1779 901 1816 flammantia
919 1777 1052 1815 lumina
1071 1786 1260 1829 torquens¹²

212 1846 336 1883 Saevit
356 1846 466 1897 agris,
485 1859 659 1896 asperque
679 1846 752 1890 siti,
773 1854 883 1896 atquc
903 1844 1098 1884 exterritus
1117 1854 1230 1891 aestu.

211 1913 270 1951 Ne
295 1912 382 1949 mihi
403 1922 482 1950 tum
501 1912 616 1950 mollis
638 1913 704 1949 sub
725 1912 808 1956 divo
828 1927 974 1963 carpere
993 1925 1151 1956 somnos,

209 1980 293 2018 Neu
313 1980 422 2017 dorso
442 1979 594 2017 nemoris
608 1978 719 2016 libeat
734 1979 886 2029 jacuisse
909 1993 972 2028 per
990 1978 1118 2014 herbas
1136 1993 1147 2022 3

210 2047 337 2095 Quum
358 2045 486 2096 positis
505 2059 620 2082 novus
639 2045 789 2090 exuviis,
805 2045 1012 2095 nitidusque
1025 2047 1188 2095 juventa,

209 2111 396 2160 Volvitur,
415 2120 477 2148 aut
498 2110 638 2148 catulos
656 2111 763 2148 tectis
783 2120 845 2148 aut
865 2125 931 2148 ova
950 2110 1166 2160 relinquens,
1187 2099 1190 2103 ⁸

210 2179 364 2217 Arduus
384 2179 429 2229 ad
448 2178 561 2217 solem
579 2188 617 2217 et
636 2178 769 2230 linguis
789 2179 897 2218 micat
915 2192 979 2217 ora
998 2177 1165 2229 trisulcis.
