1493 2605
158 343 194 369 v.
214 331 276 369 19.
462 324 764 385 AENEmos
820 326 893 367 1v.
1131 332 1212 373 203

158 441 264 481 Huic
282 439 342 477 uni
359 437 477 477 forsan
498 439 601 490 potui
620 439 852 477 succumbere
870 438 1013 491 culpae.

155 507 284 551 Anna,
302 505 445 544 fatebor
462 507 568 550 enim,
595 506 711 542 miseri
730 515 814 556 post
830 504 906 543 fata
926 507 1082 558 Sychaei

157 573 350 625 Conjugis,
368 581 405 611 et
423 585 562 622 sparsos
578 571 736 610 fraterna
754 573 863 610 caede
882 573 1041 618 Penatis,

158 640 268 679 Solus
286 640 345 678 hjc
364 639 503 677 inflexit
522 652 656 684 sensus,
683 639 913 690 animumque
939 640 1121 678 labantem

157 706 336 757 Impulit:
367 720 525 758 agnosco
544 706 671 744 veteris
696 707 847 758 vestigia
866 707 1039 745 flammae.

157 773 234 811 Sed
253 772 338 810 mihi
358 773 412 810 vel
430 772 538 810 tellus
564 783 689 823 optem
709 786 807 823 prius
826 774 896 809 ima
915 774 1092 818 dehiscat,

154 839 228 877 Vel
248 839 358 877 Pater
368 840 597 889 omnipotens
611 839 736 890 adigat
747 853 804 876 me
816 839 965 876 fulmine
979 840 1026 876 ad
1041 838 1199 885 umbras,

154 903 328 943 Pallentis
345 906 488 943 umbras
508 906 633 949 Erebi,
654 916 868 956 noctemque
888 905 1119 957 profundam,

151 970 273 1017 Ante,
293 972 432 1017 Pudor,
451 984 560 1022 quam
578 983 615 1009 te
635 973 743 1017 violo,
763 984 826 1010 aut
840 982 905 1009 tua
918 985 999 1023 jura
1017 971 1170 1011 resolvo.

153 1037 222 1077 Ille
240 1051 352 1083 meos,
371 1039 508 1089 primus
527 1039 590 1089 qui
609 1052 664 1075 me
683 1038 750 1075 sibi
762 1039 900 1090 junxit,
927 1051 1066 1075 amores

151 1104 326 1145 Abstulit
342 1119 353 1142 ι
382 1104 442 1142 ille
460 1104 590 1142 habeat
604 1117 739 1148 secum,
758 1115 946 1154 servetque
964 1102 1144 1154 sepulcro.

154 1170 216 1210 Sic
235 1170 356 1215 effata,
383 1171 497 1208 sinum
515 1171 667 1208 lacrimis
687 1171 848 1219 implevit
866 1170 1018 1206 ooortis.

204 1238 318 1275 Anna
337 1235 473 1275 refert:
504 1236 540 1275 O
561 1236 641 1274 luce
661 1238 775 1287 magis
794 1238 925 1273 dilecta
945 1235 1087 1274 sorori!

152 1303 282 1342 Solane
301 1312 476 1354 perpetua
494 1316 655 1341 moerens
674 1316 821 1353 carpere
833 1307 996 1354 juventa,

151 1369 233 1409 Nec
252 1369 369 1407 dulcis
387 1379 504 1413 natos,
532 1370 682 1407 Veneris
709 1383 774 1407 nec
793 1370 951 1419 praemia
968 1368 1095 1408 noris?

151 1437 200 1475 Id
218 1437 373 1475 cinerem
390 1448 455 1474 aut
472 1436 594 1474 Manis
612 1435 728 1473 credis
745 1449 871 1472 curare
889 1436 1052 1486 sepultos
1064 1435 1083 1474 ἓ

152 1503 276 1549 Esto;
304 1516 449 1554 aegram
468 1502 555 1540 nulli
574 1502 757 1552 quondam
776 1502 906 1539 flexere
925 1502 1058 1548 mariti,

152 1569 239 1608 Non
261 1569 416 1620 Libyae,
444 1583 515 1606 non
534 1579 617 1606 ante
636 1571 741 1619 Tyro
758 1584 769 1614 ;
798 1569 989 1621 despectus
1009 1568 1148 1616 Iarbas,

150 1635 413 1686 Ductoresque
432 1635 504 1680 alii,
532 1648 624 1686 quos
641 1635 776 1673 Africa
794 1647 901 1680 terra,
926 1636 1121 1686 triumphis

150 1702 282 1746 Dives,
301 1701 388 1740 alit:
420 1702 600 1753 placitone
618 1702 727 1739 etiarn
747 1702 928 1754 pugnabis
943 1703 1081 1741 amori?

149 1768 231 1808 Nec
251 1769 347 1806 venit
365 1769 400 1805 in
421 1778 590 1813 mentem,
609 1782 766 1818 quorum
785 1769 987 1805 consederis
1007 1768 1130 1807 arvis?

150 1834 256 1873 Hinc
277 1834 457 1874 Gaetulae
476 1835 595 1879 urbes,
624 1849 738 1886 genus
757 1833 994 1885 insuperabile
1014 1834 1125 1880 bello,

151 1900 208 1938 Et
229 1900 409 1939 Numidae
427 1900 556 1937 infreni
575 1901 742 1953 cingunt,
767 1910 806 1938 et
824 1901 1007 1951 inhospita
1026 1900 1145 1952 Syrtis
1159 1915 1172 1940 z

151 1968 257 2006 Hinc
276 1969 418 2006 deserta
438 1969 496 2005 siti
515 1968 631 2020 regio,
650 1968 794 2020 lateque
813 1968 974 2006 furentes

152 2033 314 2072 Barcaei.
344 2035 446 2085 Quid
466 2033 559 2071 bella
578 2035 684 2084 Tyro
704 2036 888 2086 surgentia
906 2036 1039 2080 dicam,

150 2100 399 2152 Germanique
429 2101 566 2139 minas?

148 2165 224 2207 Dis
242 2168 410 2218 equidem
430 2167 636 2218 auspicibus
655 2181 748 2212 reor,
762 2177 799 2205 et
817 2169 841 2207 J
844 2182 961 2206 unone
980 2169 1149 2217 secunda,

149 2232 266 2274 Hunc
285 2248 430 2275 cursum
450 2235 578 2275 Iliacas
598 2246 704 2272 vento
725 2239 881 2276 tenuisse
899 2237 1050 2276 carinas.

632 2302 664 2341 C
685 2314 706 2341 c
726 2305 752 2340 2
