1493 2605
170 324 203 348 v.
222 313 286 350 47.
466 307 766 347 AENE1DOS
824 309 882 346 11.
1148 316 1222 352 149

170 421 386 470 Inspectura
404 419 543 460 domos,
574 428 794 469 venturaque
814 420 968 470 desuper
987 421 1067 458 urbi
1086 436 1096 465 ς

168 486 256 524 Aut
276 477 402 534 aliquis
420 485 509 523 latet
531 500 653 523 error:
684 500 778 535 equo
801 500 843 522 ne
863 487 1014 530 credite,
1043 487 1193 525 Teucri.

168 552 361 602 Quidquid
380 552 416 588 id
434 562 502 595 est,
531 553 641 588 timeo
662 552 812 589 Danaus
832 565 866 589 et
888 553 982 589 dona
1003 552 1166 590 ferentis.

171 619 232 656 Sic
253 618 363 662 fatus,
392 618 515 655 validis
535 618 718 669 ingentem
738 619 871 655 viribus
896 619 1036 656 hastam

169 685 214 721 In
233 684 342 727 latus,
371 686 479 735 inque
498 685 563 721 feri
583 699 727 722 curvam
749 686 988 736 compagibus
1008 686 1140 731 alvum,

167 752 371 791 Contorsit.
430 751 539 790 Stetit
562 751 619 787 illa
640 762 809 794 tremens,
840 761 1016 802 uteroque
1036 768 1181 792 recusso

169 818 368 855 Insonuere
387 831 491 855 cavae
512 818 760 869 gemitumque
782 818 911 854 dedere
931 832 1115 856 cavernae.

170 884 239 929 Et,
268 885 295 921 si
316 885 390 922 fata
410 885 532 928 deum,
561 884 588 921 si
608 898 705 921 mens
739 898 809 920 non
829 883 928 920 laeva
949 884 1089 930 fuisset,

171 950 386 1000 Impulerat,
415 950 510 988 ferro
533 950 731 1001 Argolicas
751 949 894 987 foedare
913 950 1068 988 latebras
1086 967 1096 997 3

169 1017 357 1069 Trojaque
378 1032 472 1054 nunc
491 1027 615 1061 stareS,
646 1016 851 1066 Priamique
871 1031 932 1054 arx
954 1018 1026 1055 alta
1051 1033 1221 1058 maneres.

197 1084 316 1121 Ecce!
337 1098 460 1121 manus
471 1086 636 1135 juvenem
652 1084 786 1121 interea
801 1094 886 1133 post
903 1093 1007 1135 terga
1019 1085 1221 1123 revinctum

170 1150 340 1188 Pastores
360 1165 494 1202 magno
514 1151 560 1187 ad
579 1164 701 1201 regem
721 1149 878 1187 clamore
898 1151 1089 1188 trahebant

167 1216 429 1255 Dardanidae:
462 1217 522 1268 qui
543 1231 579 1253 se
598 1217 765 1267 ignotum
787 1216 1010 1254 venientibus
1031 1218 1143 1262 ultro,

169 1282 262 1321 Hoc
276 1282 393 1332 ipsum
410 1292 451 1320 ut
464 1292 633 1326 strueret,
646 1283 871 1334 Trojamque
884 1283 1036 1333 aperiret
1051 1284 1221 1331 Achivis,

170 1348 384 1393 obtulerat,
402 1349 514 1386 fidens
531 1349 650 1393 animi,
679 1358 788 1398 atque
803 1349 837 1385 in
853 1358 1047 1399 utrumque
1063 1360 1222 1399 paratuS,

171 1415 246 1452 Seu
266 1429 402 1452 versare
421 1415 537 1460 dolos,
557 1430 618 1453 seu
639 1427 759 1453 certae
779 1416 995 1452 occumbere
1018 1426 1137 1453 mortl⁸
1181 1447 1185 1454 s

170 1482 361 1532 Undique,
391 1482 524 1519 visendi
545 1483 680 1526 studio,
709 1482 872 1533 Trojana
892 1484 1064 1533 juventus

169 1547 401 1586 Circumfusa
420 1548 506 1592 ruit,
534 1556 747 1597 certantque
767 1547 914 1584 illudere
938 1558 1061 1598 capto,

170 1615 319 1664 Accipe
339 1628 433 1651 nunc
453 1615 624 1653 Danaum
643 1613 799 1658 insidias,
828 1622 865 1650 et
893 1614 1039 1651 crimine
1059 1616 1103 1652 ab
1125 1629 1197 1652 uno

170 1676 287 1719 Disce
306 1681 432 1717 omnis.

171 1747 355 1797 Namque,
375 1756 415 1783 ut
432 1756 629 1796 conspectu
649 1747 683 1782 in
705 1747 822 1783 medio
838 1748 1020 1790 turbatus,
1041 1747 1196 1793 inermis,

171 1814 482 1863 Constitit‚atque
494 1813 608 1850 oculis
620 1814 782 1864 Phrygia
794 1814 936 1864 agmina
948 1813 1221 1863 circumspexit3

172 1879 277 1917 Heu!
291 1893 381 1930 quae
389 1879 1064 1929 nunctellusfinquit,quaemeaequora
1072 1891 1224 1930 possunt

171 1945 360 1995 Accipere
375 1948 386 1984 ?
405 1955 467 1982 aut
482 1947 568 1995 quid
579 1948 652 1997 jam
668 1946 796 1982 misero
812 1946 899 1982 mihi
915 1947 1069 1995 denique
1083 1956 1192 1984 restat
1209 1949 1223 1986 ἓ

171 2012 245 2049 Cui
262 2026 376 2061 neque
391 2013 489 2061 apud
501 2013 651 2050 Danaos
668 2026 818 2062 usquam
834 2012 935 2049 locus
951 2028 961 2057 ;
982 2022 1017 2049 et
1034 2026 1141 2063 super
1155 2014 1222 2063 ipsi

171 2078 406 2116 Dardanidae
425 2078 551 2116 infensi
573 2093 705 2128 poenas
725 2093 807 2116 cum
829 2079 1002 2130 sanguine
1022 2090 1193 2129 poscunt.

173 2144 262 2195 Quo
282 2147 422 2197 gemitu
442 2148 600 2183 conversi
621 2147 741 2191 animi,
770 2160 996 2196 compressus
1023 2157 1058 2183 et
1080 2148 1196 2185 omnis

174 2211 354 2262 Impetus,
385 2211 593 2251 Hortamur
611 2212 690 2258 fari,
711 2227 784 2263 quo
806 2214 979 2264 sanguine
999 2224 1132 2261 cretus,
