1493 2605
264 322 339 361 133
514 332 524 336 -
579 310 881 358 AENmDos
939 318 973 356 1.
1171 333 1204 358 v.
1222 320 1312 361 517.

263 437 368 488 Quae
390 435 535 472 fortuna
555 432 635 469 viris
652 448 662 477 ς
692 432 839 469 classem
861 444 936 481 quo
954 429 1077 468 littore
1096 429 1287 482 iinquantg

263 503 365 552 Quid
387 501 526 538 veniant
547 515 556 536 :
587 499 728 536 cunctis
749 511 828 534 nam
847 496 933 536 lecti
953 498 1099 535 navibus
1120 499 1234 543 ibant,

262 569 420 607 Orantes
439 566 588 608 veniam,
616 573 652 602 et
673 563 848 615 templum
869 564 1027 602 clamore
1047 566 1233 615 petebant.

317 635 516 682 Postquam
537 632 762 683 introgressi,
781 641 817 669 et
838 644 959 669 coram
980 632 1063 668 data
1082 632 1187 682 copia
1203 631 1316 676 fandi,

260 700 446 739 Maximus
468 699 623 736 [lioneus
644 697 788 747 piacido
816 698 866 735 sic
888 706 1035 748 pectore
1055 699 1176 748 coepit
1196 714 1204 736 :

261 767 299 805 O
326 766 490 817 Regina!
524 778 651 802 novam
672 765 729 802 cui
750 765 904 802 condere
924 763 1071 814 Jupiter
1091 765 1230 809 urbem,

258 833 480 883 Justitiaque
500 832 600 869 dedit
620 831 740 883 gentis
760 830 899 868 frenare
919 833 1107 882 superbas,

261 902 382 939 Troe‘s
402 910 439 938 te
460 900 590 943 miseri,
621 899 733 937 ventis
754 898 862 935 maria
879 899 997 935 omnia
1017 899 1126 943 vecti,

259 968 418 1006 Oramus
435 983 444 1005 2
477 967 630 1017 prohibe
649 964 813 1003 infandos
833 978 853 1002 a
873 966 1019 1003 navibus
1039 966 1132 1018 ignis
1150 982 1160 1012 ;

259 1035 373 1072 Parce
393 1035 454 1084 pio
475 1033 611 1085 generi,
639 1042 675 1070 et
697 1033 845 1083 propius
865 1046 919 1070 res
939 1033 1085 1084 adspice
1105 1041 1256 1071 nostras.

258 1102 343 1140 N·›n
366 1114 429 1138 nos
448 1110 511 1137 aut
531 1098 625 1136 ferro
646 1098 813 1148 Libycos
832 1097 1006 1148 populare
1027 1099 1178 1137 Penates

255 1168 444 1211 Venimus,
474 1176 536 1204 aut
557 1176 676 1216 raptas
696 1166 741 1202 ad
760 1165 884 1203 littora
903 1174 1040 1204 vertere
1060 1167 1209 1216 praedas
1227 1182 1237 1202 ι

256 1235 342 1274 Non
364 1248 404 1271 ea
425 1235 476 1271 vis
495 1233 625 1276 auimo.
655 1247 720 1270 nec
750 1242 851 1270 tanta
871 1233 1039 1283 superbia
1059 1234 1175 1271 victis.

258 1302 327 1340 Est
349 1301 464 1345 locus,
495 1299 715 1351 Hesperiam
733 1300 837 1338 Graii
853 1300 1069 1351 cognomine
1088 1300 1229 1344 dicunt,

255 1368 371 1406 Terra
393 1369 555 1418 antiqua.
584 1376 715 1417 potens
735 1368 853 1411 armis,
883 1375 993 1416 atque
1014 1366 1122 1403 ubere
1150 1366 1278 1418 glebae
1296 1382 1307 1404 ;

257 1435 412 1474 Oenotri
433 1434 577 1473 coluere
598 1435 661 1470 viri
679 1448 688 1472 ε
721 1447 813 1471 nunc
834 1433 942 1477 fama,
972 1434 1124 1471 minores

255 1503 399 1540 Italiam
420 1502 550 1538 dixisse
570 1501 672 1538 d‘ucis
691 1501 736 1537 de
759 1501 900 1538 nomine
921 1510 1082 1552 gentem.

254 1569 346 1607 Huc
366 1581 491 1606 cursus
511 1567 579 1604 fuit
599 1582 608 1605 ε

253 1637 395 1686 Quum,
425 1635 547 1672 subito
567 1647 758 1686 assurgens
778 1634 908 1678 fluctu,
936 1633 1121 1672 nimbosus
1142 1634 1260 1673 Orion

256 1702 299 1740 In
321 1703 409 1739 vada
430 1713 537 1739 caeca
559 1700 656 1745 tulit,
684 1701 901 1751 penitusque
930 1701 1146 1755 procacibus
1177 1700 1307 1739 austris

253 1768 397 1818 Perque
417 1767 543 1812 undas,
573 1777 763 1817 superante
784 1766 870 1812 saio,
899 1781 1036 1818 perque
1055 1767 1148 1805 invia
1168 1782 1266 1813 saxa,

253 1834 442 1885 Dispulit:
464 1834 537 1871 huc
551 1834 657 1884 pauci
669 1834 795 1872 vestris
807 1834 1015 1871 adnavimus
1026 1834 1110 1871 oris.
1146 1837 1306 1886 [morem

249 1903 364 1954 Quod
379 1916 492 1955 genus
507 1902 578 1940 hoc
594 1902 794 1947 hominum,
807 1917 942 1953 quaeve
958 1902 1055 1940 hunc
1067 1911 1141 1940 tam
1154 1902 1305 1940 barbara

253 1970 439 2008 Permittit
460 1969 577 2020 patria
595 1970 608 2007 ?
635 1969 796 2019 hospitio
816 1969 1052 2019 prohibemur
1070 1982 1194 2007 arenae
1212 1984 1223 2009 ε

251 2038 354 2076 Bella
373 2037 484 2081 cient,
514 2037 700 2087 primaque
719 2045 841 2074 vetant
873 2035 1067 2073 consistere
1087 2044 1197 2074 terra.

250 2104 289 2142 Si
309 2116 424 2155 genus
442 2104 640 2140 humanum
659 2112 698 2140 et
726 2101 890 2139 mortalia
910 2101 1067 2140 temnitis
1086 2115 1197 2147 arma,

253 2170 312 2207 At
332 2180 473 2219 sperate
492 2170 581 2207 deos
600 2181 776 2207 memores
791 2166 890 2205 fandi
909 2177 1019 2219 atque
1038 2167 1197 2206 nefandi„

254 2235 335 2274 Rex
357 2244 435 2274 erat
455 2236 603 2276 Aeneas
623 2236 741 2282 nobis,
769 2249 843 2288 quo
859 2234 990 2287 justior
1008 2234 1099 2273 alter
