<?xml version="1.0" encoding="UTF-8"?>
<!DOCTYPE html PUBLIC "-//W3C//DTD XHTML 1.0 Transitional//EN"
    "http://www.w3.org/TR/xhtml1/DTD/xhtml1-transitional.dtd">
<html xmlns="http://www.w3.org/1999/xhtml" xml:lang="en" lang="en">
 <head>
  <title>
</title>
<meta http-equiv="Content-Type" content="text/html;charset=utf-8" />
  <meta name='ocr-system' content='tesseract 3.04.00' />
  <meta name='ocr-capabilities' content='ocr_page ocr_carea ocr_par ocr_line ocrx_word'/>
</head>
<body>
  <div class='ocr_page' id='page_1' title='image "./operahun01virguoft_0117.png"; bbox 0 0 1493 2605; ppageno 0'>
   <div class='ocr_carea' id='block_1_1' title="bbox 126 275 1220 325">
    <p class='ocr_par' dir='ltr' id='par_1_1' title="bbox 126 275 1220 325">
     <span class='ocr_line' id='line_1_1' title="bbox 126 275 1220 325; baseline -0.01 -4"><span class='ocrx_word' id='word_1_1' title='bbox 126 320 129 325; x_wconf 80' lang='grc'>,</span> <span class='ocrx_word' id='word_1_2' title='bbox 172 295 207 320; x_wconf 83' lang='lat' dir='ltr'>v.</span> <span class='ocrx_word' id='word_1_3' title='bbox 225 283 314 320; x_wconf 77' lang='lat'><strong>384.</strong></span> <span class='ocrx_word' id='word_1_4' title='bbox 449 275 797 317; x_wconf 87' lang='lat' dir='ltr'>GEORGICON</span> <span class='ocrx_word' id='word_1_5' title='bbox 853 275 936 314; x_wconf 88' lang='lat'>111.</span> <span class='ocrx_word' id='word_1_6' title='bbox 1170 277 1220 317; x_wconf 75' lang='lat'>91</span> 
     </span>
    </p>
   </div>
   <div class='ocr_carea' id='block_1_2' title="bbox 173 378 1227 2179">
    <p class='ocr_par' dir='ltr' id='par_1_2' title="bbox 173 378 1195 709">
     <span class='ocr_line' id='line_1_2' title="bbox 227 378 1121 439; baseline -0.007 -9"><span class='ocrx_word' id='word_1_7' title='bbox 227 392 267 430; x_wconf 90' lang='lat' dir='ltr'>Si</span> <span class='ocrx_word' id='word_1_8' title='bbox 286 391 353 429; x_wconf 90' lang='lat' dir='ltr'>tibi</span> <span class='ocrx_word' id='word_1_9' title='bbox 372 389 536 427; x_wconf 86' lang='lat' dir='ltr'>lanitium</span> <span class='ocrx_word' id='word_1_10' title='bbox 555 402 675 431; x_wconf 82' lang='lat' dir='ltr'>curae,</span> <span class='ocrx_word' id='word_1_11' title='bbox 686 388 858 439; x_wconf 87' lang='lat' dir='ltr'>primum,</span> <span class='ocrx_word' id='word_1_12' title='bbox 878 378 1002 438; x_wconf 87' lang='lat' dir='ltr'>aspera</span> <span class='ocrx_word' id='word_1_13' title='bbox 1021 387 1121 433; x_wconf 84' lang='lat' dir='ltr'>silva,</span> 
     </span>
     <span class='ocr_line' id='line_1_3' title="bbox 173 454 1195 509; baseline -0.002 -13"><span class='ocrx_word' id='word_1_14' title='bbox 173 459 399 509; x_wconf 87' lang='lat' dir='ltr'>Lappaeque</span> <span class='ocrx_word' id='word_1_15' title='bbox 417 455 615 506; x_wconf 84' lang='lat' dir='ltr'>tribulique</span> <span class='ocrx_word' id='word_1_16' title='bbox 635 456 753 492; x_wconf 90' lang='lat' dir='ltr'>absint</span> <span class='ocrx_word' id='word_1_17' title='bbox 771 470 783 500; x_wconf 86' lang='lat'>;</span> <span class='ocrx_word' id='word_1_18' title='bbox 811 454 899 507; x_wconf 89' lang='lat' dir='ltr'>fuge</span> <span class='ocrx_word' id='word_1_19' title='bbox 920 455 1053 505; x_wconf 89' lang='lat' dir='ltr'>pabula</span> <span class='ocrx_word' id='word_1_20' title='bbox 1073 455 1195 503; x_wconf 70' lang='lat' dir='ltr'>laetag</span> 
     </span>
     <span class='ocr_line' id='line_1_4' title="bbox 173 521 1112 574; baseline -0.003 -11"><span class='ocrx_word' id='word_1_21' title='bbox 173 524 433 574; x_wconf 87' lang='lat' dir='ltr'>Continuoque</span> <span class='ocrx_word' id='word_1_22' title='bbox 452 536 583 574; x_wconf 81' lang='lat' dir='ltr'>greges</span> <span class='ocrx_word' id='word_1_23' title='bbox 601 521 692 559; x_wconf 83' lang='lat' dir='ltr'>villis</span> <span class='ocrx_word' id='word_1_24' title='bbox 707 522 787 574; x_wconf 87' lang='lat' dir='ltr'>lege</span> <span class='ocrx_word' id='word_1_25' title='bbox 809 521 978 559; x_wconf 90' lang='lat' dir='ltr'>mollibus</span> <span class='ocrx_word' id='word_1_26' title='bbox 997 522 1112 560; x_wconf 83' lang='lat' dir='ltr'>albos.</span> 
     </span>
     <span class='ocr_line' id='line_1_5' title="bbox 173 588 1100 639; baseline -0.003 -10"><span class='ocrx_word' id='word_1_27' title='bbox 173 590 285 630; x_wconf 86' lang='lat' dir='ltr'>Illum</span> <span class='ocrx_word' id='word_1_28' title='bbox 305 598 440 633; x_wconf 84' lang='lat' dir='ltr'>autem,</span> <span class='ocrx_word' id='word_1_29' title='bbox 461 589 622 639; x_wconf 87' lang='lat' dir='ltr'>quamvis</span> <span class='ocrx_word' id='word_1_30' title='bbox 640 589 728 626; x_wconf 84' lang='lat' dir='ltr'>aries</span> <span class='ocrx_word' id='word_1_31' title='bbox 749 589 794 626; x_wconf 90' lang='lat' dir='ltr'>sit</span> <span class='ocrx_word' id='word_1_32' title='bbox 814 588 990 626; x_wconf 80' lang='lat' dir='ltr'>candidus</span> <span class='ocrx_word' id='word_1_33' title='bbox 1010 589 1100 639; x_wconf 85' lang='lat' dir='ltr'>ipse,</span> 
     </span>
     <span class='ocr_line' id='line_1_6' title="bbox 174 655 1062 709; baseline -0.003 -12"><span class='ocrx_word' id='word_1_34' title='bbox 174 658 294 709; x_wconf 86' lang='lat' dir='ltr'>Nigra</span> <span class='ocrx_word' id='word_1_35' title='bbox 308 658 430 695; x_wconf 85' lang='lat' dir='ltr'>subest</span> <span class='ocrx_word' id='word_1_36' title='bbox 450 656 522 693; x_wconf 88' lang='lat' dir='ltr'>udo</span> <span class='ocrx_word' id='word_1_37' title='bbox 542 665 686 693; x_wconf 87' lang='lat' dir='ltr'>tantum</span> <span class='ocrx_word' id='word_1_38' title='bbox 702 655 760 693; x_wconf 86' lang='lat' dir='ltr'>cui</span> <span class='ocrx_word' id='word_1_39' title='bbox 779 655 905 707; x_wconf 88' lang='lat' dir='ltr'>lingua</span> <span class='ocrx_word' id='word_1_40' title='bbox 924 655 1062 706; x_wconf 86' lang='lat' dir='ltr'>palato,</span> 
     </span>
    </p>

    <p class='ocr_par' dir='ltr' id='par_1_3' title="bbox 174 721 1184 972">
     <span class='ocr_line' id='line_1_7' title="bbox 177 721 999 776; baseline -0.001 -14"><span class='ocrx_word' id='word_1_41' title='bbox 177 724 317 776; x_wconf 84' lang='lat' dir='ltr'>Rejice,</span> <span class='ocrx_word' id='word_1_42' title='bbox 337 737 381 761; x_wconf 91' lang='lat' dir='ltr'>ne</span> <span class='ocrx_word' id='word_1_43' title='bbox 399 722 548 761; x_wconf 87' lang='lat' dir='ltr'>maculis</span> <span class='ocrx_word' id='word_1_44' title='bbox 567 721 723 759; x_wconf 73' lang='lat' dir='ltr'>infuscet</span> <span class='ocrx_word' id='word_1_45' title='bbox 745 721 873 758; x_wconf 86' lang='lat' dir='ltr'>vellera</span> <span class='ocrx_word' id='word_1_46' title='bbox 894 722 999 774; x_wconf 84' lang='lat' dir='ltr'>pullis</span> 
     </span>
     <span class='ocr_line' id='line_1_8' title="bbox 174 788 1184 840; baseline -0.003 -11"><span class='ocrx_word' id='word_1_47' title='bbox 174 790 402 830; x_wconf 84' lang='lat' dir='ltr'>Nascentum</span> <span class='ocrx_word' id='word_1_48' title='bbox 420 805 430 827; x_wconf 71' lang='grc' dir='ltr'>ι</span> <span class='ocrx_word' id='word_1_49' title='bbox 460 789 639 840; x_wconf 90' lang='lat' dir='ltr'>plenoque</span> <span class='ocrx_word' id='word_1_50' title='bbox 659 788 767 825; x_wconf 86' lang='lat' dir='ltr'>alium</span> <span class='ocrx_word' id='word_1_51' title='bbox 786 788 1025 839; x_wconf 84' lang='lat' dir='ltr'>circumspice</span> <span class='ocrx_word' id='word_1_52' title='bbox 1041 802 1184 840; x_wconf 76' lang='lat' dir='ltr'>campo.</span> 
     </span>
     <span class='ocr_line' id='line_1_9' title="bbox 174 855 1123 907; baseline -0.002 -12"><span class='ocrx_word' id='word_1_53' title='bbox 174 857 330 896; x_wconf 88' lang='lat' dir='ltr'>Munere</span> <span class='ocrx_word' id='word_1_54' title='bbox 349 857 398 894; x_wconf 86' lang='lat' dir='ltr'>sic</span> <span class='ocrx_word' id='word_1_55' title='bbox 418 856 520 893; x_wconf 88' lang='lat' dir='ltr'>niveo</span> <span class='ocrx_word' id='word_1_56' title='bbox 540 856 652 899; x_wconf 89' lang='lat' dir='ltr'>lanae,</span> <span class='ocrx_word' id='word_1_57' title='bbox 672 856 700 893; x_wconf 88' lang='lat' dir='ltr'>si</span> <span class='ocrx_word' id='word_1_58' title='bbox 719 855 865 893; x_wconf 87' lang='lat' dir='ltr'>credere</span> <span class='ocrx_word' id='word_1_59' title='bbox 884 856 1035 907; x_wconf 88' lang='lat' dir='ltr'>dignum</span> <span class='ocrx_word' id='word_1_60' title='bbox 1055 865 1123 900; x_wconf 87' lang='lat' dir='ltr'>est,</span> 
     </span>
     <span class='ocr_line' id='line_1_10' title="bbox 175 921 1132 972; baseline -0.001 -11"><span class='ocrx_word' id='word_1_61' title='bbox 175 922 267 966; x_wconf 85' lang='lat' dir='ltr'>Pan,</span> <span class='ocrx_word' id='word_1_62' title='bbox 286 924 376 960; x_wconf 86' lang='lat' dir='ltr'>deus</span> <span class='ocrx_word' id='word_1_63' title='bbox 391 922 591 967; x_wconf 84' lang='lat' dir='ltr'>Arcadiae,</span> <span class='ocrx_word' id='word_1_64' title='bbox 611 932 755 972; x_wconf 84' lang='lat' dir='ltr'>captam</span> <span class='ocrx_word' id='word_1_65' title='bbox 776 932 826 966; x_wconf 88' lang='lat' dir='ltr'>te,</span> <span class='ocrx_word' id='word_1_66' title='bbox 849 922 969 966; x_wconf 89' lang='lat' dir='ltr'>Luna,</span> <span class='ocrx_word' id='word_1_67' title='bbox 989 921 1132 966; x_wconf 84' lang='lat' dir='ltr'>fefellit,</span> 
     </span>
    </p>

    <p class='ocr_par' dir='ltr' id='par_1_4' title="bbox 177 989 1225 1039">
     <span class='ocr_line' id='line_1_11' title="bbox 177 989 1225 1039; baseline 0 -11"><span class='ocrx_word' id='word_1_68' title='bbox 177 989 223 1028; x_wconf 90' lang='lat' dir='ltr'>In</span> <span class='ocrx_word' id='word_1_69' title='bbox 237 1003 380 1027; x_wconf 89' lang='lat' dir='ltr'>nemora</span> <span class='ocrx_word' id='word_1_70' title='bbox 394 989 467 1027; x_wconf 87' lang='lat' dir='ltr'>alta</span> <span class='ocrx_word' id='word_1_71' title='bbox 481 1001 611 1026; x_wconf 87' lang='lat' dir='ltr'>vocans</span> <span class='ocrx_word' id='word_1_72' title='bbox 626 1004 637 1033; x_wconf 87' lang='lat'>;</span> <span class='ocrx_word' id='word_1_73' title='bbox 658 1002 721 1026; x_wconf 89' lang='lat' dir='ltr'>nec</span> <span class='ocrx_word' id='word_1_74' title='bbox 736 998 775 1026; x_wconf 90' lang='lat' dir='ltr'>tu</span> <span class='ocrx_word' id='word_1_75' title='bbox 793 989 1006 1039; x_wconf 67' lang='lat' dir='ltr'>adspernata</span> <span class='ocrx_word' id='word_1_76' title='bbox 1022 998 1225 1028; x_wconf 79' lang='lat' dir='ltr'>vocantem.</span> 
     </span>
    </p>

    <p class='ocr_par' dir='ltr' id='par_1_5' title="bbox 177 1055 1226 1307">
     <span class='ocr_line' id='line_1_12' title="bbox 230 1055 1226 1107; baseline 0.003 -15"><span class='ocrx_word' id='word_1_77' title='bbox 230 1056 304 1098; x_wconf 84' lang='lat' dir='ltr'>At,</span> <span class='ocrx_word' id='word_1_78' title='bbox 324 1056 383 1093; x_wconf 91' lang='lat' dir='ltr'>cui</span> <span class='ocrx_word' id='word_1_79' title='bbox 404 1055 508 1093; x_wconf 86' lang='lat' dir='ltr'>lactis</span> <span class='ocrx_word' id='word_1_80' title='bbox 528 1069 641 1099; x_wconf 86' lang='lat' dir='ltr'>amor,</span> <span class='ocrx_word' id='word_1_81' title='bbox 661 1057 820 1106; x_wconf 84' lang='lat' dir='ltr'>cytisum</span> <span class='ocrx_word' id='word_1_82' title='bbox 835 1055 1004 1106; x_wconf 89' lang='lat' dir='ltr'>lotosque</span> <span class='ocrx_word' id='word_1_83' title='bbox 1025 1055 1226 1107; x_wconf 70' lang='lat' dir='ltr'>frequentis</span> 
     </span>
     <span class='ocr_line' id='line_1_13' title="bbox 177 1121 1119 1173; baseline 0 -13"><span class='ocrx_word' id='word_1_84' title='bbox 177 1123 263 1172; x_wconf 89' lang='lat' dir='ltr'>Ipse</span> <span class='ocrx_word' id='word_1_85' title='bbox 283 1135 390 1159; x_wconf 85' lang='lat' dir='ltr'>manu</span> <span class='ocrx_word' id='word_1_86' title='bbox 411 1122 591 1172; x_wconf 83' lang='lat' dir='ltr'>salsasque</span> <span class='ocrx_word' id='word_1_87' title='bbox 611 1121 704 1159; x_wconf 82' lang='lat' dir='ltr'>ferat</span> <span class='ocrx_word' id='word_1_88' title='bbox 724 1123 956 1173; x_wconf 80' lang='lat' dir='ltr'>praesepibus</span> <span class='ocrx_word' id='word_1_89' title='bbox 976 1123 1119 1161; x_wconf 87' lang='lat' dir='ltr'>herbas.</span> 
     </span>
     <span class='ocr_line' id='line_1_14' title="bbox 177 1190 1226 1242; baseline 0.002 -14"><span class='ocrx_word' id='word_1_90' title='bbox 177 1190 281 1229; x_wconf 88' lang='lat' dir='ltr'>Hinc</span> <span class='ocrx_word' id='word_1_91' title='bbox 293 1200 330 1227; x_wconf 90' lang='lat' dir='ltr'>et</span> <span class='ocrx_word' id='word_1_92' title='bbox 343 1200 462 1227; x_wconf 88' lang='lat' dir='ltr'>amant</span> <span class='ocrx_word' id='word_1_93' title='bbox 477 1190 604 1227; x_wconf 84' lang='lat' dir='ltr'>fluvios</span> <span class='ocrx_word' id='word_1_94' title='bbox 616 1190 792 1241; x_wconf 77' lang='lat' dir='ltr'>magiS,ac</span> <span class='ocrx_word' id='word_1_95' title='bbox 805 1191 920 1242; x_wconf 88' lang='lat' dir='ltr'>magis</span> <span class='ocrx_word' id='word_1_96' title='bbox 933 1191 1043 1228; x_wconf 89' lang='lat' dir='ltr'>ubera</span> <span class='ocrx_word' id='word_1_97' title='bbox 1056 1192 1226 1238; x_wconf 85' lang='lat' dir='ltr'>tendunt,</span> 
     </span>
     <span class='ocr_line' id='line_1_15' title="bbox 177 1255 1085 1307; baseline 0 -13"><span class='ocrx_word' id='word_1_98' title='bbox 177 1257 232 1295; x_wconf 85' lang='lat' dir='ltr'>Et</span> <span class='ocrx_word' id='word_1_99' title='bbox 251 1256 332 1294; x_wconf 78' lang='lat' dir='ltr'>salis</span> <span class='ocrx_word' id='word_1_100' title='bbox 351 1255 538 1294; x_wconf 89' lang='lat' dir='ltr'>occultum</span> <span class='ocrx_word' id='word_1_101' title='bbox 557 1255 748 1293; x_wconf 79' lang='lat' dir='ltr'>referunt</span> <span class='ocrx_word' id='word_1_102' title='bbox 738 1270 774 1292; x_wconf 84' lang='lat' dir='ltr'>in</span> <span class='ocrx_word' id='word_1_103' title='bbox 793 1255 888 1294; x_wconf 90' lang='lat' dir='ltr'>lacte</span> <span class='ocrx_word' id='word_1_104' title='bbox 907 1270 1085 1307; x_wconf 85' lang='lat' dir='ltr'>saporem.</span> 
     </span>
    </p>

    <p class='ocr_par' dir='ltr' id='par_1_6' title="bbox 177 1322 1191 1440">
     <span class='ocr_line' id='line_1_16' title="bbox 177 1322 1191 1393; baseline 0 -31"><span class='ocrx_word' id='word_1_105' title='bbox 177 1324 293 1363; x_wconf 79' lang='lat' dir='ltr'>Multi</span> <span class='ocrx_word' id='word_1_106' title='bbox 315 1326 389 1375; x_wconf 83' lang='lat' dir='ltr'>jarn</span> <span class='ocrx_word' id='word_1_107' title='bbox 407 1332 573 1361; x_wconf 83' lang='lat' dir='ltr'>excretos</span> <span class='ocrx_word' id='word_1_108' title='bbox 592 1322 788 1373; x_wconf 83' lang='lat' dir='ltr'>prohibent</span> <span class='ocrx_word' id='word_1_109' title='bbox 807 1336 827 1359; x_wconf 89' lang='lat' dir='ltr'>a</span> <span class='ocrx_word' id='word_1_110' title='bbox 846 1324 1022 1361; x_wconf 84' lang='lat' dir='ltr'>matribus</span> <span class='ocrx_word' id='word_1_111' title='bbox 1041 1324 1191 1393; x_wconf 85' lang='lat' dir='ltr'>haedos,</span> 
     </span>
     <span class='ocr_line' id='line_1_17' title="bbox 178 1388 1038 1440; baseline -0.002 -12"><span class='ocrx_word' id='word_1_112' title='bbox 178 1391 371 1440; x_wconf 84' lang='lat' dir='ltr'>Primaque</span> <span class='ocrx_word' id='word_1_113' title='bbox 392 1388 532 1426; x_wconf 81' lang='lat' dir='ltr'>ferratis</span> <span class='ocrx_word' id='word_1_114' title='bbox 551 1389 756 1440; x_wconf 89' lang='lat' dir='ltr'>praefigunt</span> <span class='ocrx_word' id='word_1_115' title='bbox 776 1403 838 1426; x_wconf 89' lang='lat' dir='ltr'>ora</span> <span class='ocrx_word' id='word_1_116' title='bbox 858 1390 1038 1438; x_wconf 85' lang='lat' dir='ltr'>capistris.</span> 
     </span>
    </p>

    <p class='ocr_par' dir='ltr' id='par_1_7' title="bbox 178 1455 1227 1708">
     <span class='ocr_line' id='line_1_18' title="bbox 178 1455 1090 1508; baseline -0.001 -14"><span class='ocrx_word' id='word_1_117' title='bbox 178 1457 293 1508; x_wconf 82' lang='lat' dir='ltr'>Quod</span> <span class='ocrx_word' id='word_1_118' title='bbox 312 1465 483 1507; x_wconf 86' lang='lat' dir='ltr'>surgente</span> <span class='ocrx_word' id='word_1_119' title='bbox 503 1456 559 1492; x_wconf 92' lang='lat' dir='ltr'>die</span> <span class='ocrx_word' id='word_1_120' title='bbox 579 1455 728 1493; x_wconf 89' lang='lat' dir='ltr'>mulsere</span> <span class='ocrx_word' id='word_1_121' title='bbox 749 1455 918 1505; x_wconf 86' lang='lat' dir='ltr'>horisque</span> <span class='ocrx_word' id='word_1_122' title='bbox 938 1456 1090 1501; x_wconf 83' lang='lat' dir='ltr'>diurnis,</span> 
     </span>
     <span class='ocr_line' id='line_1_19' title="bbox 178 1522 1226 1573; baseline 0 -12"><span class='ocrx_word' id='word_1_123' title='bbox 178 1523 302 1562; x_wconf 87' lang='lat' dir='ltr'>Nocte</span> <span class='ocrx_word' id='word_1_124' title='bbox 321 1530 507 1573; x_wconf 87' lang='lat' dir='ltr'>premunt:</span> <span class='ocrx_word' id='word_1_125' title='bbox 529 1523 629 1572; x_wconf 91' lang='lat' dir='ltr'>quod</span> <span class='ocrx_word' id='word_1_126' title='bbox 644 1525 717 1573; x_wconf 87' lang='lat' dir='ltr'>jam</span> <span class='ocrx_word' id='word_1_127' title='bbox 733 1522 890 1559; x_wconf 88' lang='lat' dir='ltr'>tenebris</span> <span class='ocrx_word' id='word_1_128' title='bbox 908 1532 945 1560; x_wconf 90' lang='lat' dir='ltr'>et</span> <span class='ocrx_word' id='word_1_129' title='bbox 965 1523 1039 1560; x_wconf 85' lang='lat' dir='ltr'>sole</span> <span class='ocrx_word' id='word_1_130' title='bbox 1058 1523 1226 1570; x_wconf 82' lang='lat' dir='ltr'>cadente,</span> 
     </span>
     <span class='ocr_line' id='line_1_20' title="bbox 179 1589 1227 1642; baseline -0.001 -12"><span class='ocrx_word' id='word_1_131' title='bbox 179 1591 258 1630; x_wconf 86' lang='lat' dir='ltr'>Sub</span> <span class='ocrx_word' id='word_1_132' title='bbox 278 1591 395 1629; x_wconf 88' lang='lat' dir='ltr'>lucem</span> <span class='ocrx_word' id='word_1_133' title='bbox 413 1599 610 1639; x_wconf 83' lang='lat' dir='ltr'>exportans</span> <span class='ocrx_word' id='word_1_134' title='bbox 628 1589 792 1633; x_wconf 89' lang='lat' dir='ltr'>calathis,</span> <span class='ocrx_word' id='word_1_135' title='bbox 822 1590 898 1627; x_wconf 91' lang='lat' dir='ltr'>adit</span> <span class='ocrx_word' id='word_1_136' title='bbox 917 1591 1054 1641; x_wconf 88' lang='lat' dir='ltr'>oppida</span> <span class='ocrx_word' id='word_1_137' title='bbox 1072 1600 1198 1642; x_wconf 84' lang='lat' dir='ltr'>pastor</span> <span class='ocrx_word' id='word_1_138' title='bbox 1214 1608 1227 1639; x_wconf 85' lang='lat'><em>3</em></span> 
     </span>
     <span class='ocr_line' id='line_1_21' title="bbox 178 1655 1152 1708; baseline 0 -13"><span class='ocrx_word' id='word_1_139' title='bbox 178 1658 264 1696; x_wconf 86' lang='lat' dir='ltr'>Aut</span> <span class='ocrx_word' id='word_1_140' title='bbox 285 1671 396 1707; x_wconf 89' lang='lat' dir='ltr'>parco</span> <span class='ocrx_word' id='word_1_141' title='bbox 416 1655 486 1694; x_wconf 87' lang='lat' dir='ltr'>sale</span> <span class='ocrx_word' id='word_1_142' title='bbox 505 1656 737 1707; x_wconf 86' lang='lat' dir='ltr'>contingunt,</span> <span class='ocrx_word' id='word_1_143' title='bbox 758 1656 938 1708; x_wconf 88' lang='lat' dir='ltr'>hiemique</span> <span class='ocrx_word' id='word_1_144' title='bbox 957 1668 1152 1708; x_wconf 89' lang='lat' dir='ltr'>reponunt.</span> 
     </span>
    </p>

    <p class='ocr_par' dir='ltr' id='par_1_8' title="bbox 180 1722 1202 2044">
     <span class='ocr_line' id='line_1_22' title="bbox 233 1722 1197 1774; baseline 0.001 -11"><span class='ocrx_word' id='word_1_145' title='bbox 233 1725 313 1764; x_wconf 92' lang='lat' dir='ltr'>Nec</span> <span class='ocrx_word' id='word_1_146' title='bbox 334 1725 400 1762; x_wconf 91' lang='lat' dir='ltr'>tibi</span> <span class='ocrx_word' id='word_1_147' title='bbox 421 1737 509 1761; x_wconf 91' lang='lat' dir='ltr'>cura</span> <span class='ocrx_word' id='word_1_148' title='bbox 528 1737 655 1760; x_wconf 89' lang='lat' dir='ltr'>canum</span> <span class='ocrx_word' id='word_1_149' title='bbox 677 1722 786 1760; x_wconf 79' lang='lat' dir='ltr'>fuent</span> <span class='ocrx_word' id='word_1_150' title='bbox 805 1734 1014 1774; x_wconf 80' lang='lat' dir='ltr'>postrema:</span> <span class='ocrx_word' id='word_1_151' title='bbox 1045 1726 1108 1763; x_wconf 90' lang='lat' dir='ltr'>sed</span> <span class='ocrx_word' id='word_1_152' title='bbox 1127 1739 1197 1764; x_wconf 84' lang='lat' dir='ltr'>una</span> 
     </span>
     <span class='ocr_line' id='line_1_23' title="bbox 180 1789 1132 1842; baseline 0 -12"><span class='ocrx_word' id='word_1_153' title='bbox 180 1791 331 1830; x_wconf 84' lang='lat' dir='ltr'>velocis</span> <span class='ocrx_word' id='word_1_154' title='bbox 353 1792 505 1842; x_wconf 88' lang='lat' dir='ltr'>Spartae</span> <span class='ocrx_word' id='word_1_155' title='bbox 524 1789 680 1832; x_wconf 84' lang='lat' dir='ltr'>catulos,</span> <span class='ocrx_word' id='word_1_156' title='bbox 700 1804 891 1841; x_wconf 86' lang='lat' dir='ltr'>acremque</span> <span class='ocrx_word' id='word_1_157' title='bbox 912 1791 1132 1837; x_wconf 83' lang='lat' dir='ltr'>Molossum,</span> 
     </span>
     <span class='ocr_line' id='line_1_24' title="bbox 181 1844 1174 1910; baseline -0.001 -11"><span class='ocrx_word' id='word_1_158' title='bbox 181 1862 294 1900; x_wconf 77' lang='lat' dir='ltr'>Pasce</span> <span class='ocrx_word' id='word_1_159' title='bbox 314 1873 392 1897; x_wconf 84' lang='lat' dir='ltr'>sero</span> <span class='ocrx_word' id='word_1_160' title='bbox 412 1858 552 1910; x_wconf 85' lang='lat' dir='ltr'>pingui.</span> <span class='ocrx_word' id='word_1_161' title='bbox 611 1858 838 1907; x_wconf 87' lang='lat' dir='ltr'>Numquam,</span> <span class='ocrx_word' id='word_1_162' title='bbox 858 1860 1073 1897; x_wconf 87' lang='lat' dir='ltr'>custodibus</span> <span class='ocrx_word' id='word_1_163' title='bbox 1092 1844 1174 1906; x_wconf 66' lang='lat' dir='ltr'>illis,</span> 
     </span>
     <span class='ocr_line' id='line_1_25' title="bbox 181 1923 1202 1977; baseline -0.002 -11"><span class='ocrx_word' id='word_1_164' title='bbox 181 1928 415 1967; x_wconf 87' lang='lat' dir='ltr'>Nocturnum</span> <span class='ocrx_word' id='word_1_165' title='bbox 436 1925 586 1963; x_wconf 84' lang='lat' dir='ltr'>stabulis</span> <span class='ocrx_word' id='word_1_166' title='bbox 605 1923 735 1968; x_wconf 84' lang='lat' dir='ltr'>furem,</span> <span class='ocrx_word' id='word_1_167' title='bbox 763 1924 999 1976; x_wconf 83' lang='lat' dir='ltr'>incursusque</span> <span class='ocrx_word' id='word_1_168' title='bbox 1018 1925 1202 1977; x_wconf 88' lang='lat' dir='ltr'>luporum,</span> 
     </span>
     <span class='ocr_line' id='line_1_26' title="bbox 181 1992 995 2044; baseline -0.002 -12"><span class='ocrx_word' id='word_1_169' title='bbox 181 1994 269 2033; x_wconf 89' lang='lat' dir='ltr'>Aut</span> <span class='ocrx_word' id='word_1_170' title='bbox 287 1995 485 2044; x_wconf 89' lang='lat' dir='ltr'>impacatos</span> <span class='ocrx_word' id='word_1_171' title='bbox 504 2006 524 2029; x_wconf 86' lang='lat' dir='ltr'>a</span> <span class='ocrx_word' id='word_1_172' title='bbox 544 2002 650 2044; x_wconf 85' lang='lat' dir='ltr'>tergo</span> <span class='ocrx_word' id='word_1_173' title='bbox 669 1992 832 2029; x_wconf 87' lang='lat' dir='ltr'>horrebis</span> <span class='ocrx_word' id='word_1_174' title='bbox 856 1994 995 2030; x_wconf 84' lang='lat' dir='ltr'>Iberos.</span> 
     </span>
    </p>

    <p class='ocr_par' dir='ltr' id='par_1_9' title="bbox 182 2059 1119 2179">
     <span class='ocr_line' id='line_1_27' title="bbox 182 2059 1086 2112; baseline -0.001 -13"><span class='ocrx_word' id='word_1_175' title='bbox 182 2063 300 2112; x_wconf 88' lang='lat' dir='ltr'>Saepe</span> <span class='ocrx_word' id='word_1_176' title='bbox 317 2062 426 2099; x_wconf 87' lang='lat' dir='ltr'>etiam</span> <span class='ocrx_word' id='word_1_177' title='bbox 445 2074 553 2098; x_wconf 86' lang='lat' dir='ltr'>cursu</span> <span class='ocrx_word' id='word_1_178' title='bbox 572 2059 719 2097; x_wconf 88' lang='lat' dir='ltr'>timidos</span> <span class='ocrx_word' id='word_1_179' title='bbox 739 2059 895 2110; x_wconf 83' lang='lat' dir='ltr'>agitabis</span> <span class='ocrx_word' id='word_1_180' title='bbox 915 2074 1086 2112; x_wconf 82' lang='lat' dir='ltr'>onagros,</span> 
     </span>
     <span class='ocr_line' id='line_1_28' title="bbox 183 2127 1119 2179; baseline -0.001 -12"><span class='ocrx_word' id='word_1_181' title='bbox 183 2128 238 2168; x_wconf 86' lang='lat' dir='ltr'>Et</span> <span class='ocrx_word' id='word_1_182' title='bbox 257 2129 404 2166; x_wconf 83' lang='lat' dir='ltr'>canibus</span> <span class='ocrx_word' id='word_1_183' title='bbox 422 2128 595 2179; x_wconf 87' lang='lat' dir='ltr'>leporem,</span> <span class='ocrx_word' id='word_1_184' title='bbox 624 2127 772 2165; x_wconf 84' lang='lat' dir='ltr'>canibus</span> <span class='ocrx_word' id='word_1_185' title='bbox 792 2128 965 2165; x_wconf 83' lang='lat' dir='ltr'>venabere</span> <span class='ocrx_word' id='word_1_186' title='bbox 986 2129 1119 2167; x_wconf 82' lang='lat' dir='ltr'>damas.</span> 
     </span>
    </p>
   </div>
   <div class='ocr_carea' id='block_1_3' title="bbox 185 2193 1056 2300">
    <p class='ocr_par' dir='ltr' id='par_1_10' title="bbox 185 2193 1056 2300">
     <span class='ocr_line' id='line_1_29' title="bbox 185 2193 1056 2247; baseline 0.001 -14"><span class='ocrx_word' id='word_1_187' title='bbox 185 2195 315 2247; x_wconf 86' lang='lat' dir='ltr'>Saepe,</span> <span class='ocrx_word' id='word_1_188' title='bbox 335 2195 532 2234; x_wconf 85' lang='lat' dir='ltr'>volutabris</span> <span class='ocrx_word' id='word_1_189' title='bbox 552 2193 675 2246; x_wconf 82' lang='lat' dir='ltr'>pulsos</span> <span class='ocrx_word' id='word_1_190' title='bbox 694 2193 928 2241; x_wconf 77' lang='lat' dir='ltr'>silvestribus,</span> <span class='ocrx_word' id='word_1_191' title='bbox 948 2209 1056 2247; x_wconf 76' lang='lat' dir='ltr'>apros</span> 
     </span>
     <span class='ocr_line' id='line_1_30' title="bbox 653 2261 753 2300; baseline 0 0"><span class='ocrx_word' id='word_1_192' title='bbox 653 2261 699 2300; x_wconf 92' lang='lat' dir='ltr'>M</span> <span class='ocrx_word' id='word_1_193' title='bbox 727 2264 753 2300; x_wconf 73' lang='lat'>2</span> 
     </span>
    </p>
   </div>
  </div>
 </body>
</html>
