1529 2693
250 307 275 342 8
630 306 940 346 BUCOLICA.
1198 319 1234 347 vs
1258 312 1295 348 le

582 561 825 600 ECLOGA
884 563 964 600 111.

434 696 1111 756 PALAEMON.

372 851 607 875 MENALCAS.
643 849 888 875 DAMOETAS.
926 851 1174 876 PALAEMON.

654 953 852 990 Menalcas.

242 1020 325 1058 Dic
349 1019 448 1062 mihi,
469 1020 665 1062 Damoeta,
684 1020 804 1067 cujum
826 1018 967 1067 pecus?
994 1031 1037 1054 an
1059 1017 1263 1056 Meliboei?
1304 1058 1306 1060 ,

651 1085 853 1121 Damoetas.

239 1152 321 1190 Non
338 1168 349 1198 ς
377 1165 497 1188 verum
518 1150 711 1201 Aegonis=
739 1164 853 1200 nuper
872 1150 958 1187 mihi
977 1150 1127 1188 tradidit
1141 1151 1293 1203 Aegon.

638 1216 838 1255 Menalcas.

237 1285 367 1323 Infelix
389 1299 410 1320 0
431 1297 569 1333 semper
586 1296 668 1320 oves
688 1285 823 1332 pecus!
856 1282 931 1333 ipse
952 1282 1130 1320 Neaeram

234 1353 339 1389 Dum
360 1351 472 1394 fovet,
492 1363 546 1394 ac,
567 1364 609 1386 ne
629 1363 684 1386 me
704 1349 770 1386 sibi
791 1348 969 1398 praeferat
989 1348 1063 1392 illa,
1084 1357 1240 1393 veretur,

236 1417 313 1454 Hic
334 1417 466 1453 alienus
486 1430 568 1452 oves
587 1426 711 1452 custos
731 1415 784 1452 bis
804 1414 943 1466 mulget
963 1414 997 1451 in
1017 1414 1132 1453 hora:

234 1483 288 1520 Et
308 1496 437 1520 succus
456 1482 592 1533 pecori,
619 1491 655 1519 et
674 1481 730 1519 lac
749 1481 964 1519 subducitur
984 1480 1100 1532 agnis.

646 1549 849 1586 Damoetas.

234 1616 381 1654 Parcius
401 1616 468 1652 ista
486 1615 568 1652 viris
590 1624 708 1652 tamen
731 1615 933 1667 objicienda
951 1622 1145 1651 memento.

232 1683 409 1720 Novimus
427 1691 465 1719 ct
486 1682 547 1731 qui
566 1692 616 1726 te,
635 1691 832 1718 transversa
851 1679 1037 1718 tuentibus
1056 1679 1232 1724 hircis,—

235 1750 285 1786 Et
308 1763 395 1799 quo,
416 1749 476 1785 sed
497 1748 618 1785 faciles
638 1748 834 1799 Nymphae
853 1748 974 1791 risere,
995 1745 1138 1783 sacello.

629 1814 825 1852 flffcnalcas.

230 1882 344 1925 Tum,
363 1883 486 1925 credo,
509 1894 620 1931 quum
639 1894 694 1918 me
714 1881 902 1918 arbustum
921 1879 1039 1917 videre
1059 1870 1232 1929 Myconis

231 1950 362 1999 Atque
381 1947 473 1984 mala
491 1947 572 1983 vitis
592 1946 747 1984 incidere
767 1945 858 1983 falce
878 1945 1045 1983 novellas.

651 2013 853 2050 Damoetas.

226 2084 311 2121 Aut
331 2082 404 2126 hic,
424 2081 468 2118 ad
488 2089 624 2118 veteres
642 2077 760 2130 fagos,
781 2091 894 2128 quum
914 2077 1123 2127 Daphnidis
1142 2090 1264 2115 arcum

229 2148 399 2199 Fregisti,
418 2156 455 2184 et
474 2145 653 2184 calamos:
676 2158 767 2195 quae
786 2153 842 2188 tu,
860 2157 1025 2194 perverse
1045 2142 1230 2187 Menalca,
1285 2171 1288 2175 -
1317 2173 1320 2177 Α

229 2213 296 2259 Et,
317 2227 429 2262 quum
450 2212 569 2250 vidisti
587 2225 701 2264 puero
720 2211 866 2257 donata,
894 2209 1040 2248 dolebas
1058 2225 1069 2255 ;
