1493 2605
206 293 241 318 r.
258 280 348 318 244.
511 275 858 317 GEORGICON
907 276 941 315 1.
1211 280 1263 322 4-7

209 390 394 429 Maximus
414 387 472 426 hic
493 388 589 426 flexu
609 388 753 426 sinuoso
772 387 928 426 elabitur
946 383 1098 440 Anguis

209 458 357 496 Circum
379 469 513 506 perque
533 456 633 507 duas,
661 456 696 493 in
717 469 852 493 morem
872 455 1039 502 fluminis,
1068 456 1226 502 ArctOS,

204 523 347 562 Arctos
368 522 506 561 Oceani
528 523 719 560 metuentis
739 535 893 572 aequore
912 522 1045 574 tingui.

206 589 301 634 Illic,
331 598 373 627 ut
393 588 598 640 perhibent,
627 597 690 626 aut
710 588 926 638 intempesta
944 588 1025 627 silet
1044 602 1116 626 nox

204 656 368 706 Semper,
396 665 432 693 et
447 657 600 693 obtenta
618 655 814 692 densantur
833 664 938 693 nocte
957 656 1125 693 tenebrae
1143 670 1153 695 ε

204 724 291 761 Aut
313 723 404 760 redit
424 736 444 760 a
464 722 566 759 nobis
588 723 749 766 Aurora,
777 722 944 773 diemque
964 723 1132 769 reducit3

205 790 357 841 Nosque
376 789 438 827 ubi
458 789 592 839 primus
611 788 714 839 equis
735 788 866 826 Oriens
885 789 1030 827 adflavit
1050 788 1198 835 anhelis,

206 856 287 894 Illic
307 869 383 894 sera
401 856 531 893 rubens
551 856 718 893 accendit
737 854 871 892 lumina
889 856 1043 906 Vesper.

203 921 306 960 Hinc
324 931 558 973 tempestates
577 922 689 960 dubio
708 921 931 972 praediscere
951 921 1054 959 coelo

198 990 406 1032 Possumus,
417 989 500 1027 hinc
514 990 708 1039 messisque
721 989 827 1032 diem,
845 998 1063 1040 tempusque
1083 989 1239 1035 serendi;

203 1056 257 1094 Et
277 1056 422 1106 quando
443 1056 593 1093 infidum
612 1056 716 1093 remis
736 1054 917 1105 impellere
936 1069 1093 1093 marmor

201 1123 402 1162 Conveniat
420 1138 431 1168 ;
461 1122 606 1173 quando
625 1132 778 1160 armatas
798 1121 976 1160 deducere
996 1122 1131 1168 classis,

196 1189 283 1227 Aut
302 1188 551 1239 tempestivam
571 1188 664 1226 silvis
684 1199 843 1227 evertere
863 1189 1002 1238 pinum.

249 1256 330 1294 Nec
350 1255 483 1292 frustra
503 1255 688 1307 signorum
703 1255 824 1292 obitus
839 1255 1067 1305 speculamur
1080 1264 1118 1294 et
1133 1264 1249 1302 ortus,

194 1322 515 1372 Temporibusque
534 1334 655 1373 parem
671 1322 817 1359 diversis
836 1332 994 1372 quatuor
1013 1336 1156 1361 annum.

194 1389 366 1440 Frigidus
384 1388 578 1440 agricolam
598 1388 626 1425 si
641 1388 786 1439 quando
805 1388 971 1427 continet
992 1389 1122 1432 imber,

193 1455 331 1500 Multa,
360 1454 478 1494 forent
498 1469 588 1507 quae
608 1469 693 1493 mox
713 1453 815 1493 coelo
835 1455 1062 1506 properanda
1081 1469 1220 1501 sereno.

193 1522 382 1560 Maturare
401 1523 533 1560 datur:
564 1523 694 1560 durum
714 1522 883 1572 procudit
903 1531 1025 1560 arator

192 1588 359 1626 Vomeris
377 1588 501 1626 obtusi
519 1589 663 1626 dentem
681 1603 692 1634 ς
721 1597 824 1625 cavat
843 1588 970 1626 arbore
987 1588 1110 1626 lintres
1127 1604 1139 1634 3

191 1658 275 1695 Aut
296 1656 419 1706 pecori
439 1656 594 1707 signum,
622 1664 686 1692 aut
705 1668 870 1692 numeros
898 1655 1079 1705 impressit
1098 1655 1244 1694 acervis.

192 1723 392 1760 Exacuunt
411 1721 469 1759 alii
489 1721 599 1760 vallos
618 1720 809 1771 furcasque
829 1721 998 1765 bicornis,

191 1790 324 1839 Atque
344 1788 520 1826 Amerina
539 1797 666 1839 parant
684 1787 802 1827 lentae
822 1786 1016 1825 retinacula
1034 1787 1112 1825 viti.

191 1856 300 1894 Nunc
319 1854 433 1892 facilis
453 1855 564 1892 rubea
581 1864 726 1893 texatur
744 1854 867 1892 fiscina
886 1853 986 1905 virga
1002 1869 1013 1899 ;
1049 1892 1052 1895 Δ

193 1921 302 1960 Nunc
323 1930 457 1959 torrete
477 1921 553 1973 igni
571 1921 707 1974 fruges,
738 1934 831 1958 nunc
853 1919 1009 1972 frangite
1029 1935 1138 1960 saxos

192 1989 341 2039 Quippe
360 1988 467 2025 etiam
487 1988 587 2025 festis
607 1988 781 2039 quaedam
798 2001 965 2025 exercere
985 1988 1111 2026 diebus

194 2054 264 2091 Fas
282 2064 319 2091 et
334 2057 414 2107 jura
434 2054 553 2092 sinunt
571 2071 580 2093 :
610 2056 703 2092 rivos
723 2055 900 2092 deducere
915 2054 1013 2091 nulla

195 2120 340 2172 Religio
360 2121 489 2166 vetuit,
516 2122 633 2174 segeti
652 2121 884 2173 praetendere
904 2134 1039 2170 sepem,

194 2186 344 2225 Insidias
363 2188 488 2226 avibus
508 2187 638 2234 moliri,
665 2189 852 2228 incendere
871 2201 1010 2238 vepres,
