1493 2605
176 262 229 299 54
461 259 813 300 GEORGICON
870 261 904 298 1.
1097 276 1130 301 v.
1147 266 1239 303 440.

176 373 227 411 Et
249 385 341 422 quae
361 385 462 408 mane
482 371 605 414 refert,
625 381 662 410 et
683 386 774 422 quac
795 372 1029 423 surgentibus
1049 374 1165 414 astris.

177 438 244 476 Ille
265 438 326 475 ubi
347 447 552 475 nascentem
574 438 722 475 maculis
743 439 928 476 variaverit
949 450 1085 485 ortum,

174 505 356 545 Conditus
376 504 409 541 in
431 506 575 548 nubem,
604 504 796 554 medioque
816 504 991 555 refugerit
1013 509 1101 545 orbe
1119 523 1131 554 ;

171 573 342 623 Suspecti
363 571 430 609 tibi
449 571 517 609 sint
539 571 669 608 imbres
691 586 700 609 :
732 585 886 622 namque
912 583 1044 625 urguet
1063 575 1107 612 ab
1127 573 1202 612 alto

170 641 456 690 Arboribusquc
477 639 635 690 satisque
658 639 780 677 Notus
800 641 997 692 pecorique
1017 642 1169 682 sinister.

171 708 257 746 Aut
279 707 340 744 ubi
361 707 428 744 sub
448 706 562 743 lucem
584 707 692 743 densa
711 706 804 744 inter
824 708 946 746 nubila
966 723 1041 748 sese

171 773 319 812 Diversi
341 782 510 823 rumpent
532 773 633 817 radii,
659 783 721 811 aut
744 775 805 811 ubi
828 774 958 825 pallida
979 785 1106 828 surget

170 841 329 878 Tithoni
350 854 521 878 croceum
542 841 708 891 linquens
733 843 883 879 Aurora
902 843 1020 880 cubile
1039 859 1049 890 ;

169 908 287 946 Heu!
318 907 410 944 male
431 917 508 945 tum
532 908 626 945 mitis
646 908 818 946 defendet
839 910 1030 960 pampinus
1051 923 1158 948 uvas:

167 975 263 1013 Tam
284 975 398 1012 multa
418 975 451 1011 in
472 976 581 1013 tectis
600 976 781 1026 crepitans
796 975 876 1013 salit
898 977 1042 1014 horrida
1061 977 1214 1028 grando.

168 1042 260 1081 Hoc
280 1042 403 1085 etiam,
422 1055 567 1079 emenso
588 1056 700 1092 quum
715 1045 789 1094 jam
810 1043 964 1081 decedet
985 1043 1167 1094 Olympo,

170 1109 355 1148 Profuerit
377 1108 579 1146 meminisse
599 1109 740 1160 magis;
771 1123 851 1147 nam
871 1124 976 1161 saepe
997 1111 1160 1149 videmus

172 1177 294 1227 Ipsius
314 1176 349 1212 in
370 1175 472 1212 voltu
490 1176 604 1213 varios
624 1190 740 1214 errare
760 1176 914 1215 colore's.

168 1243 368 1282 Caeruleus
389 1243 545 1292 pluviam
566 1243 775 1287 denunciat,
796 1244 923 1295 igneus
945 1245 1067 1283 Euros
1086 1260 1096 1283 t

168 1312 230 1350 Sin
251 1310 410 1348 maculae
430 1310 604 1360 incipient
625 1310 734 1348 rutilo
755 1310 985 1349 immiscerier
1003 1313 1093 1364 igni,

166 1379 300 1417 Omnia
318 1387 408 1414 tunc
430 1376 564 1427 pariter
583 1386 691 1413 vento
714 1377 914 1427 nimbisque
936 1378 1071 1415 videbis

167 1445 333 1483 Ferverc.
379 1458 448 1480 non
471 1443 528 1480 illa
547 1444 742 1493 quisquam
765 1458 820 1480 me
842 1454 949 1482 nocte
972 1459 1035 1494 per
1054 1445 1167 1482 altum

166 1515 239 1558 Ire,
259 1526 374 1563 neque
394 1525 415 1549 a
434 1521 528 1549 terra
548 1523 690 1548 moneat
712 1511 910 1548 convellere
931 1511 1066 1549 funem.

164 1582 237 1624 At,
258 1580 298 1624 si,
320 1593 433 1629 quum
453 1578 656 1628 referetque
677 1578 784 1620 diem,
805 1579 1013 1630 condetque
1033 1580 1201 1627 relatum,

165 1647 334 1687 Lucidus
352 1646 450 1684 orbis
470 1646 537 1683 erit
555 1662 565 1691 ;
596 1645 729 1683 frustra
749 1647 929 1684 terrebere
950 1647 1093 1692 nimbis,

164 1715 218 1752 Et
239 1714 336 1752 claro
358 1713 461 1751 silvas
481 1728 604 1751 cernes
625 1713 792 1764 aquilone
811 1715 958 1752 moveri.

161 1781 348 1832 Denique,
368 1781 457 1831 quid
477 1795 604 1832 vesper
622 1796 720 1818 serus
742 1781 859 1825 vehat,
882 1781 974 1818 unde
995 1795 1134 1819 serenas

161 1850 304 1886 Ventus
323 1858 410 1900 agat
431 1849 557 1892 nubes,
578 1848 667 1898 quid
687 1848 829 1899 cogitet
849 1849 1020 1885 humidus
1042 1850 1199 1894 Auster,

162 1915 226 1954 Sol
246 1916 314 1952 tibi
334 1916 435 1967 signa
455 1915 556 1952 dabit
573 1930 582 1953 ι
615 1914 740 1952 Solem
761 1915 841 1965 quis
861 1915 980 1952 dicere
998 1914 1127 1952 falsum

158 1982 314 2020 Audeat
332 1983 345 2021 ?
376 1982 442 2020 Ille
461 1981 568 2019 etiam
588 1995 715 2018 caecos
733 1981 866 2019 instare
887 1983 1065 2020 tumultus

162 2049 277 2099 Saepe
293 2058 431 2093 monet,
451 2048 688 2099 fraudemque
703 2058 740 2086 et
755 2060 883 2099 operta
899 2059 1100 2088 tumescere
1115 2050 1222 2092 bella.

161 2114 228 2152 Ille
246 2115 353 2152 etiam
372 2116 556 2153 exstincto
577 2116 765 2153 miseratus
786 2116 940 2154 Caesare
966 2117 1121 2155 Romam
1138 2133 1150 2164 3

159 2182 289 2231 Quum
308 2193 421 2234 caput
440 2184 596 2223 obscura
614 2183 770 2222 nitidum
789 2183 972 2237 ferrugine
991 2185 1099 2230 texit,
