1493 2605
224 286 275 323 96
483 277 840 337 ἱ(ἶῙΞΟῙὶΕῙιΙΕἶΟΝ
897 268 978 315 111.
1135 291 1169 314 v.·
1186 276 1278 316 524.—

225 393 296 432 Ad
313 402 516 442 terramque
538 391 616 427 fluit
637 389 776 426 devexo
795 389 953 439 pondere
973 388 1104 426 cervix.

225 460 328 510 Quid
341 459 524 501 labor,aut
538 455 888 507 benefactajuvant?
907 455 995 505 quid
1009 469 1151 494 vomere
1163 463 1276 493 terras

227 525 418 563 Invertisse
439 523 555 575 gravis
573 523 586 560 ἓ
613 521 715 572 atqui
736 534 807 557 non
828 520 988 558 Massica
1006 521 1143 560 Bacchi

225 591 395 633 Munera,
424 604 493 626 non
515 588 581 625 illis
601 587 730 638 epulae
750 601 905 625 nocuere
924 597 1086 639 repostae
1102 603 1114 626 z

226 657 433 695 Frondibus
456 665 493 693 et
516 656 613 692 victu
644 663 844 707 pascuntur
863 654 1031 704 simplicis
1051 654 1208 701 herbae;

225 723 362 761 Pocula
383 732 465 758 sunt
486 721 605 759 fontes
620 720 762 772 liquidi,
782 730 892 771 atque
911 720 1068 758 exercita
1087 734 1196 758 cursu

227 789 393 828 Flumina
411 806 420 834 ;
451 803 515 826 nec
535 803 678 825 somnos
698 788 882 838 abrumpit
902 801 989 825 cura
1012 787 1184 825 salubres.

277 857 463 906 Tempore
484 870 553 892 non
574 855 644 892 alio
664 855 790 892 dicunt
820 853 1030 903 regionibus
1049 853 1118 890 illis

224 923 418 974 Quaesitus
436 923 480 959 ad
501 935 599 959 sacra
619 923 728 959 boves
747 920 912 963 Junonis,
932 928 970 957 et
991 919 1064 956 uris

225 990 431 1040 Imparibus
449 989 579 1026 ductos
598 987 671 1025 alta
689 987 735 1024 ad
755 985 900 1023 donaria
920 999 1059 1023 currus.

278 1057 383 1106 Ergo
402 1069 509 1106 aegre
529 1055 650 1091 rastris
669 1063 801 1091 terram
822 1053 1009 1096 rimantur,
1028 1061 1064 1089 et
1084 1051 1170 1102 ipsis

224 1122 425 1173 Unguibus
444 1120 625 1157 infodiunt
645 1119 783 1171 fruges,
803 1119 1007 1171 montisque
1028 1132 1094 1168 per
1111 1118 1204 1156 altos

223 1190 408 1227 Contenta
427 1187 564 1224 cervice
583 1186 732 1223 trahunt
752 1186 939 1222 stridentia
958 1184 1129 1235 plaustra.

223 1255 308 1293 Non
327 1254 434 1304 lupus
454 1254 596 1290 insidias
610 1251 777 1302 explorat
795 1251 904 1288 ovilia
923 1252 1073 1296 circum,

223 1322 304 1360 Nec
324 1321 498 1372 gregibus
517 1331 715 1356 nocturnus
742 1317 954 1355 obambulat
973 1334 981 1356 :
1013 1317 1129 1355 acrior
1146 1317 1246 1355 illum

222 1388 321 1426 Cura
341 1388 478 1424 domat.
535 1385 672 1423 Timidi
693 1385 831 1430 damae,
850 1384 1015 1436 cervique
1035 1383 1185 1435 fugaces

221 1454 333 1492 Nunc
353 1454 518 1503 interque
539 1465 644 1489 canes
663 1461 699 1488 et
720 1452 857 1488 circum
877 1461 977 1488 tecta
996 1460 1186 1502 vagantur.

220 1521 301 1559 Jam
315 1520 418 1557 maris
430 1518 590 1556 immensi
604 1518 756 1569 prolem,
771 1527 808 1555 et
823 1531 938 1569 genus
950 1531 1056 1555 omne
1070 1526 1277 1562 natantum,

220 1586 370 1625 Littore
389 1586 423 1622 in
442 1595 622 1630 extremo,
642 1599 708 1622 ceu
728 1584 904 1636 naufraga
923 1598 1091 1634 corpora,
1112 1584 1246 1623 fluctus

222 1653 364 1692 Proluit
384 1670 394 1699 ;
420 1653 582 1690 insolitae
600 1652 750 1704 fugiunt
768 1653 804 1689 in
827 1652 972 1689 flumina
993 1652 1144 1702 phocae.

222 1721 353 1758 Interit
373 1729 424 1764 et,
445 1719 560 1756 curvis
580 1717 714 1756 frustra
734 1717 878 1756 defensa
896 1717 1056 1762 latebris,

220 1787 369 1837 Vipera,
389 1796 426 1823 et
445 1784 592 1823 attoniti
612 1784 769 1835 squamis
797 1785 1022 1822 adstantibus
1041 1784 1161 1835 hydri.

222 1853 317 1903 Ipsis
335 1862 389 1890 est
410 1854 470 1890 ae‘r
489 1851 614 1888 avibus
633 1865 705 1888 non
727 1865 880 1902 aequus»,
899 1860 937 1888 et
955 1850 1035 1888 illae

222 1919 444 1968 Praecipites
463 1917 536 1955 alta
554 1917 664 1954 vitam
684 1918 750 1955 sub
772 1919 867 1955 nube
890 1917 1112 1967 relinquunt.

222 1985 425 2029 Praeterea,
438 1986 515 2035 jam
533 1997 599 2021 nec
619 1984 748 2021 mutari
767 1982 900 2034 pabula
920 1982 1044 2027 refert,

221 2051 492 2101 Quaesitaeque
512 2060 644 2087 nocent
665 2059 784 2095 artes;
814 2063 950 2087 cessere
969 2048 1145 2100 magistri,

222 2116 438 2168 Phillyrides
457 2116 610 2161 Chiron,
633 2115 983 2167 Amythaoniusque
1004 2115 1223 2166 Melampus.

225 2183 355 2226 Saevit,
371 2191 420 2230 et,
441 2182 476 2219 in
498 2181 616 2221 lucem
638 2183 778 2235 Stygiis
797 2182 922 2220 emissa
943 2181 1110 2228 tenebris,
