1493 2605
227 274 279 311 66
511 270 859 311 GEORGICON
917 272 973 311 11.
1137 286 1169 311 v.
1185 274 1278 312 242.

224 382 389 432 Colaque
410 383 590 432 prelorum
611 383 760 420 fumosis
780 383 902 433 deripe
922 384 1029 421 tectis
1048 399 1059 428 ς

223 448 314 486 Huc
336 464 422 500 ager
442 450 498 486 ille
520 450 646 493 malus,
667 449 862 499 dulcesque
882 463 901 487 a
922 449 1085 487 fontibus
1106 451 1234 496 undae,

220 516 289 553 Ad
310 515 454 562 plenum
475 516 659 553 calcentur
676 531 684 553 ι
707 529 800 565 aqua
819 515 1039 553 eluctabitur
1058 518 1174 556 omnis

222 581 384 625 Scilicet,
403 591 439 618 et
460 583 612 632 grandes
633 582 736 619 ibunt
757 596 821 631 per
841 582 968 619 vimina
988 592 1148 633 guttae;

220 649 281 685 At
302 662 406 698 sapor
427 649 596 685 indicium
618 648 722 686 faciet
745 647 966 691 manifestus,
986 658 1022 685 et
1043 663 1108 687 ora

221 715 359 752 Tristia
380 724 586 752 tentantum
608 729 711 753 seusu
733 715 918 765 torquebit
943 729 1093 754 amaror.

222 781 372 832 Pinguis
391 782 477 819 item
498 796 588 832 quae
608 782 653 819 sit
673 782 793 826 tellus,
814 782 883 819 hoc
904 782 1058 831 denique
1079 790 1190 831 pacto

221 848 437 886 Discimus:
469 848 565 884 haud
591 862 759 898 umquam
781 849 946 885 manibus
970 850 1107 899 jactata
1127 847 1281 893 fatiscit,

224 915 298 952 Sed
319 915 408 964 picis
428 915 460 951 in
484 928 617 951 morem
638 915 682 951 ad
703 915 842 965 digitos
860 914 1026 952 lentescit
1045 915 1226 954 habendo.

223 983 390 1020 Humida
412 985 560 1033 majores
580 982 708 1018 herbas
728 981 805 1024 alit,
824 981 972 1031 ipsaque
987 983 1089 1032 justo

223 1049 377 1087 Laetior
394 1063 402 1086 :
435 1049 479 1084 ah
501 1049 647 1085 nimium
668 1062 710 1084 ne
730 1047 775 1084 sit
796 1047 882 1084 mihi
903 1047 1030 1084 fertilis
1050 1047 1124 1092 illa,

223 1115 306 1153 Neu
329 1128 364 1151 se
385 1113 623 1162 praevalidam
644 1112 767 1162 primis
787 1112 953 1150 ostendat
974 1112 1090 1150 aristis
1108 1115 1118 1150 !

224 1182 328 1231 Quae
348 1180 466 1230 gravis
486 1189 553 1223 est,
574 1180 653 1229 ipso
672 1179 817 1216 tacitam
839 1193 875 1216 se
895 1179 1055 1228 pondere
1076 1178 1198 1228 prodit
1216 1195 1227 1225 ς

225 1248 403 1297 Quaeque
415 1245 513 1283 levis.
571 1246 762 1283 Promtum
781 1255 836 1283 est
855 1244 970 1282 oculis
990 1244 1213 1296 praediscere
1231 1247 1286 1283 ni-

331 1326 447 1364 gram,

226 1381 280 1419 Et
301 1381 381 1430 quis
401 1380 458 1417 cui
478 1379 591 1417 color.
648 1380 708 1416 At
728 1378 941 1416 sceleratum
960 1378 1148 1427 exquirere
1168 1377 1285 1431 frigus

226 1447 391 1486 Difficile
410 1456 461 1484 est
481 1462 490 1484 :
522 1446 643 1496 piceae
662 1454 804 1482 tantum
825 1445 973 1494 taxique
992 1454 1164 1482 nocentes

227 1513 432 1556 Interdum,
453 1522 514 1549 aut
534 1513 686 1549 hederae
706 1511 868 1561 pandunt
889 1511 1041 1562 vestigia
1061 1511 1198 1563 nigrae.

281 1580 355 1617 His
375 1578 638 1624 animadversis,
658 1588 791 1615 terram
811 1577 927 1614 multo
947 1588 1029 1615 ante
1049 1587 1232 1616 memento

230 1646 466 1695 Excoquere,
485 1655 522 1682 et
543 1659 693 1696 magnos
709 1644 898 1682 scrobibus
917 1643 1106 1682 concidere
1128 1645 1285 1691 montis;

232 1712 338 1749 Ante
359 1712 541 1762 supinatas
560 1711 719 1762 aquiloni
739 1712 928 1748 ostendere
948 1710 1087 1762 glebas,

230 1779 351 1827 Quam
371 1777 505 1815 laetum
525 1777 678 1814 infodias
699 1777 780 1815 vitis
803 1791 930 1829 genus.
989 1776 1143 1826 Optima
1161 1777 1261 1827 putri

227 1845 333 1882 Arva
352 1845 428 1881 solo
446 1860 455 1882 ε
486 1845 522 1882 id
543 1845 638 1882 venti
657 1853 801 1888 curant,
819 1843 1031 1895 gelidaeque
1052 1843 1214 1894 pruinae,

229 1911 283 1948 Et
301 1910 481 1948 labefacta
501 1924 645 1948 movens
665 1911 837 1947 robustus
851 1913 980 1961 jugera
997 1909 1127 1948 fossor.

228 1977 304 2021 At,
324 1977 352 2014 si
373 1991 464 2027 quos
483 1977 579 2013 haud
600 1975 671 2013 ulla
690 1976 782 2013 viros
800 1975 984 2027 vigilantia
1002 1975 1115 2026 fugit,

230 2042 336 2080 Ante
355 2042 475 2079 locum
497 2041 646 2079 similem
665 2041 875 2091 exquirunt,
895 2040 957 2078 ubi
977 2040 1092 2090 prima
1111 2049 1257 2090 paretur

232 2108 444 2146 Arboribus
465 2121 580 2159 segeS‚
599 2116 637 2145 et
657 2121 730 2157 quo
750 2121 834 2145 mox
854 2106 996 2157 digesta
1015 2105 1152 2144 feratur
1169 2123 1180 2152 ς

235 2173 423 2212 Mutatam
441 2174 612 2225 ignorent
631 2173 752 2213 subito
771 2188 815 2212 ne
835 2173 970 2211 semina
990 2181 1154 2215 matrem,
