1493 2605
160 253 235 290 100
392 252 738 293 GEORGlCON
797 255 871 292 1v.
1092 272 1124 296 v.
1143 259 1205 299 47.

161 362 245 401 Neu
266 363 416 414 propius
435 366 542 402 tectis
561 374 687 402 taxum
707 365 778 402 sinc
794 380 804 410 ς
834 380 922 403 neve
939 367 1101 405 rubentis

159 431 239 468 Ure
260 429 343 468 foco
363 444 510 468 cancros
528 447 538 476 ;
569 431 659 468 altae
676 445 743 468 neu
764 433 870 469 crede
891 432 1028 483 paludi,

159 497 246 534 Aut
267 498 328 533 ubi
348 497 440 534 odor
458 497 559 535 coeni
580 498 711 549 gravis,
731 507 793 535 aut
815 498 877 535 nbi
898 513 1055 536 concava
1075 500 1180 550 pulsu

163 563 262 599 Saxa
282 572 424 607 sonant,
453 564 622 613 vocisque
641 564 775 602 offensa
795 564 943 602 resultat
966 565 1100 617 imago.

205 630 319 678 Quod
332 638 508 679 superest,
522 629 583 667 ubi
596 629 732 679 pulsam
747 631 898 668 hiemem
917 631 980 670 Sol
993 645 1120 669 aureus
1132 632 1209 684 egit

164 696 243 733 Sub
263 704 388 740 terras,
408 696 622 748 coelumque
643 698 776 735 aestiva
795 698 875 736 luce
896 698 1041 737 reclusit
1064 715 1074 744 ;

163 762 254 800 Illae
272 764 446 801 continuo
467 764 576 801 saltus
597 765 771 818 silvasque
792 776 998 818 peragrant,

171 828 453 880 Purpureosque
473 841 613 869 metunt
635 833 752 874 flores.
771 842 808 869 et
831 834 974 870 flumina
992 833 1108 872 libant

163 896 314 934 Summa
333 897 439 935 leves.
497 897 614 942 Hinc,
644 899 765 936 nescio
784 913 856 949 qua
875 899 1064 937 dulcedine
1084 900 1211 944 laetae,

162 962 379 1014 Progeniem
399 964 574 1015 nidosque
593 965 714 1002 fovent
734 981 743 1003 ι
775 965 859 1003 hinc
879 975 956 1003 arte
976 966 1131 1003 recentis

163 1029 365 1068 Excudunt
385 1044 496 1075 ceras,
515 1040 551 1068 et
572 1031 677 1069 mella
695 1032 833 1069 tenacia
855 1033 1010 1084 fingunt.

163 1095 280 1141 Hinc,
300 1097 362 1134 ubi
377 1100 451 1148 jam
470 1098 635 1135 emissum
656 1098 771 1135 caveis
791 1099 836 1135 ad
855 1099 967 1136 sidera
987 1100 1076 1137 coeli

164 1164 263 1202 Nare
281 1179 347 1215 per
365 1174 537 1202 aestatem
552 1165 723 1215 liquidam
739 1167 940 1216 suspexeris
959 1181 1103 1219 agmen,

165 1231 444 1283 Obscuramque
463 1232 557 1269 trahi
577 1242 684 1270 vento
705 1232 877 1270 mirabere
907 1234 1052 1278 nubem,

165 1297 470 1348 Contemplator:
501 1312 611 1349 aquas
631 1299 746 1336 dulcis
766 1309 800 1336 et
822 1298 969 1337 frondea
988 1314 1127 1350 semper

164 1362 288 1401 Tecta
307 1374 450 1414 petunt.
509 1365 600 1402 Huc
620 1375 660 1403 tu
684 1368 802 1416 jussos
831 1367 1008 1417 adsperge
1029 1381 1187 1417 sapores,

165 1429 275 1466 Trita
293 1430 533 1482 melisphylla,
553 1441 589 1470 ct
609 1433 791 1469 cerinthae
811 1432 969 1483 ignobile
989 1447 1160 1483 gramen3

165 1495 411 1547 Tinnitusque
430 1498 497 1542 cie,
513 1507 549 1535 et
570 1499 702 1537 Matris
720 1510 828 1549 quate
848 1498 1014 1548 cymbala
1034 1500 1168 1545 circum
1185 1515 1196 1537 ε

168 1563 273 1612 Ipsae
291 1563 479 1606 consident
500 1566 684 1603 medicatis
704 1566 845 1603 sedibus
863 1581 873 1609 ;
903 1565 999 1615 ipsae

168 1629 302 1666 Intima
321 1644 418 1667 more
435 1645 500 1668 sno
520 1645 593 1669 sese
612 1632 647 1668 in
667 1632 846 1669 cunabula
865 1631 1035 1669 condent.

212 1696 274 1735 Sin
287 1705 408 1734 autem
421 1697 466 1734 ad
479 1712 638 1750 pugnarn
653 1698 940 1736 exierint—nam
954 1711 1058 1748 saepe
1071 1699 1217 1736 duobus

169 1763 337 1814 Regibus
356 1763 499 1802 incessit
520 1778 652 1817 magno
680 1765 858 1802 discordia
885 1774 1002 1808 motu,

169 1829 430 1879 Continuoque
450 1831 585 1868 animos
605 1831 715 1883 volgi,
735 1841 772 1868 et
791 1831 1006 1881 trepidantia
1026 1830 1122 1868 bello

167 1896 302 1939 Corda,
322 1895 406 1934 licet
426 1897 534 1948 longe
554 1898 789 1947 praesciscere
806 1912 815 1935 :
846 1911 1000 1947 namque
1018 1899 1190 1936 morantis

167 1960 326 1999 Martius
344 1961 402 1999 ille
422 1964 510 2000 aeris
531 1964 626 2001 rauci
647 1978 756 2001 canor
775 1963 950 2014 increpat,
979 1972 1016 2000 et
1037 1977 1106 2000 vox

170 2028 339 2066 Auditur
357 2029 492 2068 fractos
512 2030 648 2068 sonitus
668 2031 805 2068 imitata
834 2032 1000 2068 tubarum
1019 2047 1028 2076 ;

171 2094 272 2131 Tum
293 2096 453 2147 trepidae
472 2097 564 2135 inter
579 2111 615 2134 se
629 2099 777 2141 cocunt,
798 2098 995 2148 pennisque
1010 2107 1217 2149 coruscant,

179 2159 399 2224 Spiculaque
417 2173 600 2211 exacuunt
621 2164 760 2209 rostris,
781 2173 981 2215 aptantque
1001 2164 1168 2219 lacertos3,

1476 1044 1493 1211 Amffiq*
1481 970 1489 1022 Γ»
1475 813 1488 926 vu·-
1478 755 1483 795 ···
1478 696 1482 709 ⁸
