1493 2605
253 322 327 358 166
518 326 528 331 “
558 319 859 359 AENEmOS
917 321 975 358 11.
1157 323 1293 360 v.523.

250 432 339 470 Huc
360 432 504 469 tandem
526 433 704 470 concede:
734 433 822 470 haec
840 445 899 469 ara
914 432 1079 470 tuebitur
1093 434 1228 478 omnis;

247 501 332 537 Aut
354 500 504 536 moriere
525 499 643 535 simul,
705 499 766 537 Sic
788 513 849 536 ore
870 499 993 544 effata,
1023 500 1160 550 recepit

247 567 314 604 Ad
337 580 412 602 seso
441 577 478 603 et
501 580 598 602 sacra
617 565 833 616 longaevum
854 565 888 602 iu
910 566 993 602 sede
1013 564 1158 604 locavit.

301 634 401 670 Ecce
419 636 426 669 ἔ
452 642 586 676 autem,
606 631 748 682 elapsus
772 632 904 682 Pyrrhi
924 632 968 668 de
987 633 1109 677 caede,
1141 632 1291 678 Polites,

248 701 356 738 Unus
377 710 545 736 natorum
568 699 713 744 Priami,
735 713 798 750 per
817 699 902 743 tela,
923 713 987 749 per
1006 699 1134 744 hostis,

246 766 458 805 Porticibus
477 766 597 818 longis
618 765 731 817 fugit,
758 774 795 803 et
816 779 928 803 vacua
948 767 1037 803 atria
1057 766 1200 813 lustrat,

246 835 398 873 Saucius
416 849 425 872 ε
457 834 557 872 illum
578 834 704 870 ardens
725 833 858 870 infesto
879 833 1020 870 volnere
1044 834 1208 884 Pyrrhus

244 901 706 951 Insequitur-‚jamjamque
722 912 828 936 mauu
845 908 958 944 tenet,
974 909 1010 937 et
1027 900 1157 951 premit
1174 900 1290 939 hasta.

241 969 299 1006 Ut
319 967 465 1004 tandem
485 975 566 1003 ante
588 965 715 1002 oculos
734 965 845 1002 evasit
865 976 901 1004 et
922 980 985 1003 ora
1006 976 1211 1017 parentum,

243 1034 431 1076 Concidit,
461 1047 502 1071 ac
523 1033 640 1070 multo
660 1033 770 1070 vitam
791 1047 874 1070 cum
895 1034 1067 1085 sanguine
1087 1033 1197 1072 fudit.

240 1102 319 1141 Hie
328 1101 730 1152 Priamus‚quamquam
745 1101 779 1137 in
796 1101 994 1154 mediajam
1009 1111 1122 1139 morte
1135 1111 1291 1150 tenetur,

240 1170 325 1207 Non
347 1178 466 1206 tamen
486 1167 674 1210 abstinuit,
704 1181 768 1204 nec
789 1168 869 1205 voci
889 1168 1031 1220 iraeque
1052 1169 1215 1219 pepercit
1233 1185 1244 1208 :

240 1237 299 1273 At
321 1236 388 1273 tibi
409 1249 475 1285 pro
495 1234 640 1278 scelere,
669 1234 864 1278 exclamat,
893 1249 960 1285 pro
979 1235 1111 1273 talibus
1131 1237 1238 1283 ausis,

241 1304 310 1346 Di,
341 1303 367 1339 si
388 1316 459 1352 qua
479 1310 534 1339 est
553 1301 656 1338 coelo
677 1301 791 1351 pietas
807 1315 898 1352 quae
918 1301 1003 1339 talia
1022 1312 1140 1349 curet,

240 1369 453 1408 Pei-solvant
473 1377 596 1421 grates
616 1369 757 1420 dignas,
786 1377 824 1404 et
844 1369 1003 1418 praemia
1023 1370 1175 1408 reddant

240 1439 379 1476 Debita
398 1453 408 1482 ;
439 1437 499 1488 qui
521 1436 596 1473 nati
615 1448 737 1472 coram
758 1449 814 1472 me
834 1449 977 1473 cernere
997 1435 1111 1474 letum

239 1505 389 1548 Fecisti,
417 1513 453 1541 et
475 1503 611 1553 patrios
631 1501 786 1539 foedasti
807 1501 932 1540 funere
953 1502 1086 1540 voltus.

238 1572 298 1608 At
315 1585 383 1607 non
405 1569 476 1614 ille,
506 1579 624 1606 satum
645 1583 719 1618 quo
739 1578 776 1605 te
796 1569 971 1612 mentiris,
1000 1569 1171 1607 Achilles

237 1637 342 1675 Talis
362 1637 396 1673 in
418 1637 523 1673 hoste
545 1635 615 1672 fuit
637 1635 782 1672 Priamo
800 1651 810 1681 ;
841 1636 904 1673 sed
917 1637 999 1687 jura
1022 1636 1202 1688 fidemque

237 1704 422 1755 Supplicis
441 1703 602 1747 erubuit,
631 1716 839 1755 corpusque
861 1716 1045 1754 exsangue
1061 1704 1228 1754 sepulcro

238 1771 413 1810 Reddidit
439 1771 681 1813 Hectoreum,
701 1784 830 1822 meque
844 1770 880 1806 in
901 1784 979 1807 mea
998 1784 1108 1822 regna
1137 1770 1286 1808 remisit.

237 1840 298 1876 Sic
317 1838 414 1876 fatus
434 1837 564 1882 senior,
592 1837 780 1889 telumque
799 1836 943 1874 imbelle
963 1837 1037 1875 sinc
1057 1838 1135 1875 ictu

233 1905 402 1957 Conjecit
419 1919 428 1942 ε
460 1917 570 1941 rauco
591 1904 691 1956 quod
712 1913 884 1954 protenus
904 1918 984 1941 aere
1004 1904 1204 1954 repulsum,

235 1973 288 2010 E:
309 1986 449 2010 summo
468 1971 576 2022 clipei
598 1971 842 2022 nequidquam
863 1971 1020 2008 umbone
1042 1971 1229 2021 pependit.

232 2039 304 2078 Cui
326 2038 513 2089 Pyrrhus:
549 2036 699 2075 Referes
716 2051 806 2088 ergo
826 2037 928 2081 haec,
956 2048 993 2074 et
1014 2038 1160 2075 nuntius
1180 2037 1247 2075 ibis

234 2105 379 2144 Pelidae.
403 2103 583 2156 genitori:
615 2103 663 2140 illi
685 2117 763 2141 mea
783 2104 899 2141 tristia
916 2104 1026 2147 facta,

233 2172 540 2223 Degeneremque
561 2171 866 2221 Neoptolemum,
896 2184 1037 2208 narrare
1058 2178 1255 2208 memento.

232 2238 342 2278 Nunc
356 2251 506 2276 morere.
530 2237 620 2276 Hoc
636 2237 770 2284 dicens,
783 2237 909 2276 altaria
923 2238 968 2276 ad
979 2237 1058 2290 ipsa
1070 2244 1284 2276 trementem

1483 2152 1493 2164 s
1479 1453 1493 2142 ώαᾼ-ᾈ-Δ-ψΛ--ᾏ
