<?xml version="1.0" encoding="UTF-8"?>
<!DOCTYPE html PUBLIC "-//W3C//DTD XHTML 1.0 Transitional//EN"
    "http://www.w3.org/TR/xhtml1/DTD/xhtml1-transitional.dtd">
<html xmlns="http://www.w3.org/1999/xhtml" xml:lang="en" lang="en">
 <head>
  <title>
</title>
<meta http-equiv="Content-Type" content="text/html;charset=utf-8" />
  <meta name='ocr-system' content='tesseract 3.04.00' />
  <meta name='ocr-capabilities' content='ocr_page ocr_carea ocr_par ocr_line ocrx_word'/>
</head>
<body>
  <div class='ocr_page' id='page_1' title='image "./operahun01virguoft_0170.png"; bbox 0 0 1493 2605; ppageno 0'>
   <div class='ocr_carea' id='block_1_1' title="bbox 253 273 1298 332">
    <p class='ocr_par' dir='ltr' id='par_1_1' title="bbox 253 273 1298 332">
     <span class='ocr_line' id='line_1_1' title="bbox 253 273 1298 332; baseline 0.001 -19"><span class='ocrx_word' id='word_1_1' title='bbox 253 278 327 313; x_wconf 76' lang='lat'>144«</span> <span class='ocrx_word' id='word_1_2' title='bbox 484 326 495 332; x_wconf 40' lang='lat'>,</span> <span class='ocrx_word' id='word_1_3' title='bbox 567 273 867 314; x_wconf 76' lang='lat' dir='ltr'>AENEmos</span> <span class='ocrx_word' id='word_1_4' title='bbox 926 275 958 313; x_wconf 90' lang='lat'>1.</span> <span class='ocrx_word' id='word_1_5' title='bbox 1151 288 1185 312; x_wconf 72' lang='lat' dir='ltr'>v.</span> <span class='ocrx_word' id='word_1_6' title='bbox 1202 277 1298 314; x_wconf 60' lang='lat'>6852</span> 
     </span>
    </p>
   </div>
   <div class='ocr_carea' id='block_1_2' title="bbox 230 385 1289 2236">
    <p class='ocr_par' dir='ltr' id='par_1_2' title="bbox 230 385 1289 2236">
     <span class='ocr_line' id='line_1_2' title="bbox 248 385 1198 436; baseline -0.001 -12"><span class='ocrx_word' id='word_1_7' title='bbox 248 385 318 429; x_wconf 90' lang='lat' dir='ltr'>Ut,</span> <span class='ocrx_word' id='word_1_8' title='bbox 347 399 457 435; x_wconf 88' lang='lat' dir='ltr'>quum</span> <span class='ocrx_word' id='word_1_9' title='bbox 477 393 514 423; x_wconf 90' lang='lat' dir='ltr'>te</span> <span class='ocrx_word' id='word_1_10' title='bbox 533 386 671 436; x_wconf 85' lang='lat' dir='ltr'>gremio</span> <span class='ocrx_word' id='word_1_11' title='bbox 691 387 845 436; x_wconf 85' lang='lat' dir='ltr'>accipiet</span> <span class='ocrx_word' id='word_1_12' title='bbox 864 385 1056 423; x_wconf 79' lang='lat' dir='ltr'>laetissima</span> <span class='ocrx_word' id='word_1_13' title='bbox 1077 385 1198 431; x_wconf 84' lang='lat' dir='ltr'>Dido,</span> 
     </span>
     <span class='ocr_line' id='line_1_3' title="bbox 248 452 1109 504; baseline -0.001 -13"><span class='ocrx_word' id='word_1_14' title='bbox 248 453 398 504; x_wconf 75' lang='lat' dir='ltr'>Regalis</span> <span class='ocrx_word' id='word_1_15' title='bbox 418 453 510 490; x_wconf 87' lang='lat' dir='ltr'>inter</span> <span class='ocrx_word' id='word_1_16' title='bbox 531 465 665 489; x_wconf 87' lang='lat' dir='ltr'>mensas</span> <span class='ocrx_word' id='word_1_17' title='bbox 684 452 898 503; x_wconf 88' lang='lat' dir='ltr'>laticemque</span> <span class='ocrx_word' id='word_1_18' title='bbox 927 453 1109 503; x_wconf 85' lang='lat' dir='ltr'>Lyaeum,</span> 
     </span>
     <span class='ocr_line' id='line_1_4' title="bbox 244 519 1252 572; baseline 0.001 -16"><span class='ocrx_word' id='word_1_19' title='bbox 244 522 370 571; x_wconf 78' lang='lat' dir='ltr'>Quum</span> <span class='ocrx_word' id='word_1_20' title='bbox 391 520 490 557; x_wconf 81' lang='lat' dir='ltr'>dabit</span> <span class='ocrx_word' id='word_1_21' title='bbox 510 519 708 568; x_wconf 84' lang='lat' dir='ltr'>amplexus,</span> <span class='ocrx_word' id='word_1_22' title='bbox 737 529 846 570; x_wconf 89' lang='lat' dir='ltr'>atque</span> <span class='ocrx_word' id='word_1_23' title='bbox 865 520 987 557; x_wconf 83' lang='lat' dir='ltr'>oscula</span> <span class='ocrx_word' id='word_1_24' title='bbox 1005 520 1125 558; x_wconf 87' lang='lat' dir='ltr'>dulcia</span> <span class='ocrx_word' id='word_1_25' title='bbox 1145 521 1252 572; x_wconf 78' lang='lat' dir='ltr'>figet,</span> 
     </span>
     <span class='ocr_line' id='line_1_5' title="bbox 245 585 1133 637; baseline 0 -13"><span class='ocrx_word' id='word_1_26' title='bbox 245 586 445 624; x_wconf 82' lang='lat' dir='ltr'>Occultum</span> <span class='ocrx_word' id='word_1_27' title='bbox 464 586 612 634; x_wconf 75' lang='lat' dir='ltr'>inspires</span> <span class='ocrx_word' id='word_1_28' title='bbox 631 586 766 637; x_wconf 88' lang='lat' dir='ltr'>ignem,</span> <span class='ocrx_word' id='word_1_29' title='bbox 795 585 967 636; x_wconf 85' lang='lat' dir='ltr'>fallasque</span> <span class='ocrx_word' id='word_1_30' title='bbox 987 601 1133 625; x_wconf 87' lang='lat' dir='ltr'>veneno.</span> 
     </span>
     <span class='ocr_line' id='line_1_6' title="bbox 245 653 1135 704; baseline 0 -13"><span class='ocrx_word' id='word_1_31' title='bbox 245 654 353 692; x_wconf 87' lang='lat' dir='ltr'>Paret</span> <span class='ocrx_word' id='word_1_32' title='bbox 374 653 496 690; x_wconf 88' lang='lat' dir='ltr'>Amor</span> <span class='ocrx_word' id='word_1_33' title='bbox 515 653 622 690; x_wconf 89' lang='lat' dir='ltr'>dictis</span> <span class='ocrx_word' id='word_1_34' title='bbox 641 667 742 690; x_wconf 82' lang='lat' dir='ltr'>carae</span> <span class='ocrx_word' id='word_1_35' title='bbox 762 653 973 704; x_wconf 84' lang='lat' dir='ltr'>genetricis,</span> <span class='ocrx_word' id='word_1_36' title='bbox 1001 663 1038 691; x_wconf 89' lang='lat' dir='ltr'>et</span> <span class='ocrx_word' id='word_1_37' title='bbox 1064 654 1135 691; x_wconf 83' lang='lat' dir='ltr'>alas</span> 
     </span>
     <span class='ocr_line' id='line_1_7' title="bbox 244 719 1027 770; baseline 0 -13"><span class='ocrx_word' id='word_1_38' title='bbox 244 719 376 763; x_wconf 87' lang='lat' dir='ltr'>Exuit,</span> <span class='ocrx_word' id='word_1_39' title='bbox 403 728 440 756; x_wconf 87' lang='lat' dir='ltr'>et</span> <span class='ocrx_word' id='word_1_40' title='bbox 461 733 586 770; x_wconf 85' lang='lat' dir='ltr'>gressu</span> <span class='ocrx_word' id='word_1_41' title='bbox 606 720 766 770; x_wconf 82' lang='lat' dir='ltr'>gaudens</span> <span class='ocrx_word' id='word_1_42' title='bbox 785 720 919 757; x_wconf 85' lang='lat' dir='ltr'>incedit</span> <span class='ocrx_word' id='word_1_43' title='bbox 942 720 1027 758; x_wconf 88' lang='lat' dir='ltr'>Iuli.</span> 
     </span>
     <span class='ocr_line' id='line_1_8' title="bbox 242 786 1267 837; baseline 0 -14"><span class='ocrx_word' id='word_1_44' title='bbox 242 786 302 823; x_wconf 88' lang='lat' dir='ltr'>At</span> <span class='ocrx_word' id='word_1_45' title='bbox 324 787 449 824; x_wconf 89' lang='lat' dir='ltr'>Venus</span> <span class='ocrx_word' id='word_1_46' title='bbox 469 786 632 823; x_wconf 87' lang='lat' dir='ltr'>Ascanio</span> <span class='ocrx_word' id='word_1_47' title='bbox 651 787 828 836; x_wconf 79' lang='lat' dir='ltr'>placidam</span> <span class='ocrx_word' id='word_1_48' title='bbox 848 801 913 837; x_wconf 88' lang='lat' dir='ltr'>per</span> <span class='ocrx_word' id='word_1_49' title='bbox 932 786 1089 824; x_wconf 86' lang='lat' dir='ltr'>membra</span> <span class='ocrx_word' id='word_1_50' title='bbox 1107 787 1267 836; x_wconf 87' lang='lat' dir='ltr'>quietem</span> 
     </span>
     <span class='ocr_line' id='line_1_9' title="bbox 243 852 1134 904; baseline 0.001 -16"><span class='ocrx_word' id='word_1_51' title='bbox 243 853 392 904; x_wconf 84' lang='lat' dir='ltr'>Irrigat,</span> <span class='ocrx_word' id='word_1_52' title='bbox 420 862 456 889; x_wconf 90' lang='lat' dir='ltr'>et</span> <span class='ocrx_word' id='word_1_53' title='bbox 479 852 595 890; x_wconf 83' lang='lat' dir='ltr'>fotum</span> <span class='ocrx_word' id='word_1_54' title='bbox 615 853 754 904; x_wconf 87' lang='lat' dir='ltr'>gremio</span> <span class='ocrx_word' id='word_1_55' title='bbox 775 854 839 890; x_wconf 85' lang='lat' dir='ltr'>dea</span> <span class='ocrx_word' id='word_1_56' title='bbox 858 853 954 890; x_wconf 84' lang='lat' dir='ltr'>tollit</span> <span class='ocrx_word' id='word_1_57' title='bbox 974 853 1008 889; x_wconf 90' lang='lat' dir='ltr'>in</span> <span class='ocrx_word' id='word_1_58' title='bbox 1042 852 1134 890; x_wconf 82' lang='lat' dir='ltr'>altos</span> 
     </span>
     <span class='ocr_line' id='line_1_10' title="bbox 241 918 1075 963; baseline 0 -8"><span class='ocrx_word' id='word_1_59' title='bbox 241 919 377 956; x_wconf 81' lang='lat' dir='ltr'>Idaliae</span> <span class='ocrx_word' id='word_1_60' title='bbox 397 919 498 956; x_wconf 87' lang='lat' dir='ltr'>lucos</span> <span class='ocrx_word' id='word_1_61' title='bbox 516 934 526 963; x_wconf 72' lang='grc' dir='ltr'>ς</span> <span class='ocrx_word' id='word_1_62' title='bbox 557 919 617 955; x_wconf 89' lang='lat' dir='ltr'>ubi</span> <span class='ocrx_word' id='word_1_63' title='bbox 638 918 754 955; x_wconf 88' lang='lat' dir='ltr'>mollis</span> <span class='ocrx_word' id='word_1_64' title='bbox 772 932 954 956; x_wconf 83' lang='lat' dir='ltr'>amaracus</span> <span class='ocrx_word' id='word_1_65' title='bbox 975 918 1075 955; x_wconf 88' lang='lat' dir='ltr'>illum</span> 
     </span>
     <span class='ocr_line' id='line_1_11' title="bbox 242 984 1225 1035; baseline 0.001 -13"><span class='ocrx_word' id='word_1_66' title='bbox 242 986 411 1024; x_wconf 76' lang='lat' dir='ltr'>Floribus</span> <span class='ocrx_word' id='word_1_67' title='bbox 431 995 467 1022; x_wconf 87' lang='lat' dir='ltr'>et</span> <span class='ocrx_word' id='word_1_68' title='bbox 487 984 585 1022; x_wconf 90' lang='lat' dir='ltr'>dulci</span> <span class='ocrx_word' id='word_1_69' title='bbox 605 985 788 1034; x_wconf 80' lang='lat' dir='ltr'>adspirans</span> <span class='ocrx_word' id='word_1_70' title='bbox 807 984 1065 1035; x_wconf 86' lang='lat' dir='ltr'>complectitur</span> <span class='ocrx_word' id='word_1_71' title='bbox 1084 986 1225 1023; x_wconf 85' lang='lat' dir='ltr'>umbra.</span> 
     </span>
     <span class='ocr_line' id='line_1_12' title="bbox 240 1051 1133 1102; baseline -0.002 -12"><span class='ocrx_word' id='word_1_72' title='bbox 240 1053 394 1102; x_wconf 84' lang='lat' dir='ltr'>Jamque</span> <span class='ocrx_word' id='word_1_73' title='bbox 413 1051 502 1095; x_wconf 85' lang='lat' dir='ltr'>ibat,</span> <span class='ocrx_word' id='word_1_74' title='bbox 532 1051 633 1088; x_wconf 88' lang='lat' dir='ltr'>dicto</span> <span class='ocrx_word' id='word_1_75' title='bbox 653 1065 794 1101; x_wconf 86' lang='lat' dir='ltr'>parens,</span> <span class='ocrx_word' id='word_1_76' title='bbox 813 1060 851 1089; x_wconf 89' lang='lat' dir='ltr'>et</span> <span class='ocrx_word' id='word_1_77' title='bbox 872 1051 966 1088; x_wconf 85' lang='lat' dir='ltr'>dona</span> <span class='ocrx_word' id='word_1_78' title='bbox 986 1051 1133 1101; x_wconf 89' lang='lat' dir='ltr'>Cupido</span> 
     </span>
     <span class='ocr_line' id='line_1_13' title="bbox 243 1117 1143 1169; baseline 0 -13"><span class='ocrx_word' id='word_1_79' title='bbox 243 1118 363 1169; x_wconf 85' lang='lat' dir='ltr'>Regia</span> <span class='ocrx_word' id='word_1_80' title='bbox 383 1119 552 1168; x_wconf 85' lang='lat' dir='ltr'>portabat</span> <span class='ocrx_word' id='word_1_81' title='bbox 572 1117 711 1166; x_wconf 81' lang='lat' dir='ltr'>Tyriis,</span> <span class='ocrx_word' id='word_1_82' title='bbox 731 1118 825 1155; x_wconf 89' lang='lat' dir='ltr'>duce</span> <span class='ocrx_word' id='word_1_83' title='bbox 843 1117 958 1155; x_wconf 88' lang='lat' dir='ltr'>laetus</span> <span class='ocrx_word' id='word_1_84' title='bbox 979 1118 1143 1156; x_wconf 86' lang='lat' dir='ltr'>Achate.</span> 
     </span>
     <span class='ocr_line' id='line_1_14' title="bbox 240 1183 1132 1236; baseline 0 -14"><span class='ocrx_word' id='word_1_85' title='bbox 240 1187 365 1236; x_wconf 80' lang='lat' dir='ltr'>Quum</span> <span class='ocrx_word' id='word_1_86' title='bbox 388 1185 497 1228; x_wconf 88' lang='lat' dir='ltr'>venit,</span> <span class='ocrx_word' id='word_1_87' title='bbox 525 1183 657 1222; x_wconf 86' lang='lat' dir='ltr'>aulaeis</span> <span class='ocrx_word' id='word_1_88' title='bbox 672 1187 745 1235; x_wconf 85' lang='lat' dir='ltr'>jam</span> <span class='ocrx_word' id='word_1_89' title='bbox 766 1198 801 1222; x_wconf 88' lang='lat' dir='ltr'>se</span> <span class='ocrx_word' id='word_1_90' title='bbox 822 1185 945 1236; x_wconf 87' lang='lat' dir='ltr'>regina</span> <span class='ocrx_word' id='word_1_91' title='bbox 970 1185 1132 1235; x_wconf 87' lang='lat' dir='ltr'>superbis</span> 
     </span>
     <span class='ocr_line' id='line_1_15' title="bbox 239 1251 1183 1302; baseline 0.003 -14"><span class='ocrx_word' id='word_1_92' title='bbox 239 1252 370 1289; x_wconf 87' lang='lat' dir='ltr'>Aurea</span> <span class='ocrx_word' id='word_1_93' title='bbox 388 1251 594 1301; x_wconf 89' lang='lat' dir='ltr'>composuit</span> <span class='ocrx_word' id='word_1_94' title='bbox 615 1251 765 1301; x_wconf 86' lang='lat' dir='ltr'>sponda,</span> <span class='ocrx_word' id='word_1_95' title='bbox 795 1252 1020 1302; x_wconf 83' lang='lat' dir='ltr'>mediamque</span> <span class='ocrx_word' id='word_1_96' title='bbox 1038 1251 1183 1291; x_wconf 89' lang='lat' dir='ltr'>locavit.</span> 
     </span>
     <span class='ocr_line' id='line_1_16' title="bbox 291 1317 1197 1370; baseline 0.001 -15"><span class='ocrx_word' id='word_1_97' title='bbox 291 1319 372 1356; x_wconf 82' lang='lat' dir='ltr'>Jam</span> <span class='ocrx_word' id='word_1_98' title='bbox 393 1327 498 1367; x_wconf 85' lang='lat' dir='ltr'>pater</span> <span class='ocrx_word' id='word_1_99' title='bbox 515 1317 678 1361; x_wconf 83' lang='lat' dir='ltr'>Aeneas,</span> <span class='ocrx_word' id='word_1_100' title='bbox 706 1326 743 1354; x_wconf 87' lang='lat' dir='ltr'>et</span> <span class='ocrx_word' id='word_1_101' title='bbox 756 1320 830 1369; x_wconf 89' lang='lat' dir='ltr'>jam</span> <span class='ocrx_word' id='word_1_102' title='bbox 852 1318 1011 1370; x_wconf 83' lang='lat' dir='ltr'>Trojana</span> <span class='ocrx_word' id='word_1_103' title='bbox 1024 1321 1197 1369; x_wconf 82' lang='lat' dir='ltr'>juventus</span> 
     </span>
     <span class='ocr_line' id='line_1_17' title="bbox 238 1383 1207 1434; baseline 0.001 -12"><span class='ocrx_word' id='word_1_104' title='bbox 238 1383 482 1426; x_wconf 81' lang='lat' dir='ltr'>Conveniunt,</span> <span class='ocrx_word' id='word_1_105' title='bbox 511 1392 697 1434; x_wconf 80' lang='lat' dir='ltr'>stratoque</span> <span class='ocrx_word' id='word_1_106' title='bbox 717 1397 825 1433; x_wconf 85' lang='lat' dir='ltr'>super</span> <span class='ocrx_word' id='word_1_107' title='bbox 837 1384 1077 1422; x_wconf 86' lang='lat' dir='ltr'>discumbitur</span> <span class='ocrx_word' id='word_1_108' title='bbox 1094 1395 1207 1423; x_wconf 87' lang='lat' dir='ltr'>ostro.</span> 
     </span>
     <span class='ocr_line' id='line_1_18' title="bbox 237 1449 1289 1502; baseline 0.003 -14"><span class='ocrx_word' id='word_1_109' title='bbox 237 1450 343 1488; x_wconf 84' lang='lat' dir='ltr'>Dant</span> <span class='ocrx_word' id='word_1_110' title='bbox 359 1449 483 1486; x_wconf 88' lang='lat' dir='ltr'>famuli</span> <span class='ocrx_word' id='word_1_111' title='bbox 499 1450 659 1487; x_wconf 88' lang='lat' dir='ltr'>manibus</span> <span class='ocrx_word' id='word_1_112' title='bbox 673 1450 852 1501; x_wconf 86' lang='lat' dir='ltr'>lymphas,</span> <span class='ocrx_word' id='word_1_113' title='bbox 868 1452 1110 1502; x_wconf 86' lang='lat' dir='ltr'>Cereremque</span> <span class='ocrx_word' id='word_1_114' title='bbox 1125 1453 1289 1491; x_wconf 84' lang='lat' dir='ltr'>canistris</span> 
     </span>
     <span class='ocr_line' id='line_1_19' title="bbox 236 1516 1126 1566; baseline 0.001 -12"><span class='ocrx_word' id='word_1_115' title='bbox 236 1517 464 1566; x_wconf 83' lang='lat' dir='ltr'>Expediunt,</span> <span class='ocrx_word' id='word_1_116' title='bbox 492 1516 677 1566; x_wconf 88' lang='lat' dir='ltr'>tonsisque</span> <span class='ocrx_word' id='word_1_117' title='bbox 696 1516 817 1554; x_wconf 86' lang='lat' dir='ltr'>ferunt</span> <span class='ocrx_word' id='word_1_118' title='bbox 837 1517 1003 1555; x_wconf 90' lang='lat' dir='ltr'>mantelia</span> <span class='ocrx_word' id='word_1_119' title='bbox 1023 1518 1126 1555; x_wconf 86' lang='lat' dir='ltr'>villis.</span> 
     </span>
     <span class='ocr_line' id='line_1_20' title="bbox 233 1583 1262 1638; baseline 0.005 -19"><span class='ocrx_word' id='word_1_120' title='bbox 233 1583 511 1634; x_wconf 81' lang='lat' dir='ltr'>Quinquaginta</span> <span class='ocrx_word' id='word_1_121' title='bbox 530 1583 627 1620; x_wconf 79' lang='lat' dir='ltr'>intus</span> <span class='ocrx_word' id='word_1_122' title='bbox 646 1583 815 1629; x_wconf 87' lang='lat' dir='ltr'>famulae,</span> <span class='ocrx_word' id='word_1_123' title='bbox 843 1585 975 1634; x_wconf 89' lang='lat' dir='ltr'>quibus</span> <span class='ocrx_word' id='word_1_124' title='bbox 995 1585 1119 1623; x_wconf 89' lang='lat' dir='ltr'>ordine</span> <span class='ocrx_word' id='word_1_125' title='bbox 1148 1586 1262 1638; x_wconf 90' lang='lat' dir='ltr'>longo</span> 
     </span>
     <span class='ocr_line' id='line_1_21' title="bbox 232 1649 1257 1700; baseline 0.003 -12"><span class='ocrx_word' id='word_1_126' title='bbox 232 1651 331 1689; x_wconf 86' lang='lat' dir='ltr'>Cura</span> <span class='ocrx_word' id='word_1_127' title='bbox 350 1663 482 1700; x_wconf 89' lang='lat' dir='ltr'>penum</span> <span class='ocrx_word' id='word_1_128' title='bbox 502 1658 653 1694; x_wconf 87' lang='lat' dir='ltr'>struere,</span> <span class='ocrx_word' id='word_1_129' title='bbox 681 1659 718 1687; x_wconf 91' lang='lat' dir='ltr'>et</span> <span class='ocrx_word' id='word_1_130' title='bbox 739 1649 890 1687; x_wconf 82' lang='lat' dir='ltr'>flammis</span> <span class='ocrx_word' id='word_1_131' title='bbox 910 1651 1052 1689; x_wconf 88' lang='lat' dir='ltr'>adolere</span> <span class='ocrx_word' id='word_1_132' title='bbox 1079 1653 1257 1691; x_wconf 88' lang='lat' dir='ltr'>Penates:</span> 
     </span>
     <span class='ocr_line' id='line_1_22' title="bbox 232 1715 1205 1767; baseline 0.001 -12"><span class='ocrx_word' id='word_1_133' title='bbox 232 1717 391 1755; x_wconf 88' lang='lat' dir='ltr'>Centum</span> <span class='ocrx_word' id='word_1_134' title='bbox 410 1715 509 1760; x_wconf 89' lang='lat' dir='ltr'>aliae,</span> <span class='ocrx_word' id='word_1_135' title='bbox 538 1717 766 1767; x_wconf 85' lang='lat' dir='ltr'>totidemque</span> <span class='ocrx_word' id='word_1_136' title='bbox 786 1731 888 1767; x_wconf 88' lang='lat' dir='ltr'>pares</span> <span class='ocrx_word' id='word_1_137' title='bbox 901 1727 1020 1755; x_wconf 86' lang='lat' dir='ltr'>aetate</span> <span class='ocrx_word' id='word_1_138' title='bbox 1040 1718 1205 1764; x_wconf 88' lang='lat' dir='ltr'>ministri,</span> 
     </span>
     <span class='ocr_line' id='line_1_23' title="bbox 233 1783 1212 1834; baseline 0.005 -16"><span class='ocrx_word' id='word_1_139' title='bbox 233 1783 309 1832; x_wconf 81' lang='lat' dir='ltr'>Qui</span> <span class='ocrx_word' id='word_1_140' title='bbox 328 1783 481 1832; x_wconf 86' lang='lat' dir='ltr'>dapibus</span> <span class='ocrx_word' id='word_1_141' title='bbox 500 1796 635 1820; x_wconf 86' lang='lat' dir='ltr'>mensas</span> <span class='ocrx_word' id='word_1_142' title='bbox 655 1793 821 1828; x_wconf 84' lang='lat' dir='ltr'>onerant,</span> <span class='ocrx_word' id='word_1_143' title='bbox 848 1794 887 1821; x_wconf 85' lang='lat' dir='ltr'>et</span> <span class='ocrx_word' id='word_1_144' title='bbox 907 1783 1039 1834; x_wconf 88' lang='lat' dir='ltr'>pocula</span> <span class='ocrx_word' id='word_1_145' title='bbox 1058 1795 1212 1834; x_wconf 88' lang='lat' dir='ltr'>ponunt.</span> 
     </span>
     <span class='ocr_line' id='line_1_24' title="bbox 233 1848 1151 1901; baseline 0.003 -16"><span class='ocrx_word' id='word_1_146' title='bbox 233 1849 314 1886; x_wconf 88' lang='lat' dir='ltr'>Nec</span> <span class='ocrx_word' id='word_1_147' title='bbox 333 1863 404 1886; x_wconf 88' lang='lat' dir='ltr'>non</span> <span class='ocrx_word' id='word_1_148' title='bbox 423 1858 460 1886; x_wconf 88' lang='lat' dir='ltr'>et</span> <span class='ocrx_word' id='word_1_149' title='bbox 480 1848 588 1899; x_wconf 84' lang='lat' dir='ltr'>Tyrii</span> <span class='ocrx_word' id='word_1_150' title='bbox 608 1863 672 1900; x_wconf 89' lang='lat' dir='ltr'>per</span> <span class='ocrx_word' id='word_1_151' title='bbox 689 1849 809 1888; x_wconf 81' lang='lat' dir='ltr'>limina</span> <span class='ocrx_word' id='word_1_152' title='bbox 829 1851 925 1888; x_wconf 86' lang='lat' dir='ltr'>laeta</span> <span class='ocrx_word' id='word_1_153' title='bbox 943 1850 1151 1901; x_wconf 85' lang='lat' dir='ltr'>frequentes</span> 
     </span>
     <span class='ocr_line' id='line_1_25' title="bbox 233 1916 1069 1968; baseline 0.001 -14"><span class='ocrx_word' id='word_1_154' title='bbox 233 1917 456 1960; x_wconf 87' lang='lat' dir='ltr'>Convenere,</span> <span class='ocrx_word' id='word_1_155' title='bbox 484 1916 574 1953; x_wconf 84' lang='lat' dir='ltr'>toris</span> <span class='ocrx_word' id='word_1_156' title='bbox 587 1917 676 1968; x_wconf 88' lang='lat' dir='ltr'>jussi</span> <span class='ocrx_word' id='word_1_157' title='bbox 706 1917 930 1955; x_wconf 86' lang='lat' dir='ltr'>discumbere</span> <span class='ocrx_word' id='word_1_158' title='bbox 949 1917 1069 1967; x_wconf 86' lang='lat' dir='ltr'>pictis.</span> 
     </span>
     <span class='ocr_line' id='line_1_26' title="bbox 234 1983 1084 2029; baseline 0 -8"><span class='ocrx_word' id='word_1_159' title='bbox 234 1983 416 2021; x_wconf 86' lang='lat' dir='ltr'>Mirantur</span> <span class='ocrx_word' id='word_1_160' title='bbox 433 1984 527 2020; x_wconf 87' lang='lat' dir='ltr'>dona</span> <span class='ocrx_word' id='word_1_161' title='bbox 546 1984 721 2022; x_wconf 87' lang='lat' dir='ltr'>Aeneae:</span> <span class='ocrx_word' id='word_1_162' title='bbox 752 1985 926 2021; x_wconf 78' lang='lat' dir='ltr'>mirantur</span> <span class='ocrx_word' id='word_1_163' title='bbox 949 1984 1084 2029; x_wconf 88' lang='lat' dir='ltr'>Iulum,</span> 
     </span>
     <span class='ocr_line' id='line_1_27' title="bbox 232 2049 1148 2102; baseline 0.001 -15"><span class='ocrx_word' id='word_1_164' title='bbox 232 2050 515 2102; x_wconf 83' lang='lat' dir='ltr'>Flagrantesque</span> <span class='ocrx_word' id='word_1_165' title='bbox 535 2050 593 2087; x_wconf 87' lang='lat' dir='ltr'>dei</span> <span class='ocrx_word' id='word_1_166' title='bbox 614 2049 746 2094; x_wconf 85' lang='lat' dir='ltr'>voltus,</span> <span class='ocrx_word' id='word_1_167' title='bbox 774 2050 1012 2100; x_wconf 83' lang='lat' dir='ltr'>simulataque</span> <span class='ocrx_word' id='word_1_168' title='bbox 1027 2051 1148 2096; x_wconf 86' lang='lat' dir='ltr'>verba,</span> 
     </span>
     <span class='ocr_line' id='line_1_28' title="bbox 230 2116 1201 2167; baseline 0.003 -15"><span class='ocrx_word' id='word_1_169' title='bbox 230 2117 452 2167; x_wconf 73' lang='lat' dir='ltr'>pallamque,</span> <span class='ocrx_word' id='word_1_170' title='bbox 480 2127 516 2154; x_wconf 86' lang='lat' dir='ltr'>ct</span> <span class='ocrx_word' id='word_1_171' title='bbox 537 2117 677 2167; x_wconf 81' lang='lat' dir='ltr'>pictum</span> <span class='ocrx_word' id='word_1_172' title='bbox 697 2131 826 2155; x_wconf 86' lang='lat' dir='ltr'>croceo</span> <span class='ocrx_word' id='word_1_173' title='bbox 847 2116 1005 2154; x_wconf 79' lang='lat' dir='ltr'>velamen</span> <span class='ocrx_word' id='word_1_174' title='bbox 1030 2117 1201 2156; x_wconf 80' lang='lat' dir='ltr'>acantho,-</span> 
     </span>
     <span class='ocr_line' id='line_1_29' title="bbox 233 2183 1041 2236; baseline 0.002 -17"><span class='ocrx_word' id='word_1_175' title='bbox 233 2184 429 2234; x_wconf 67' lang='lat' dir='ltr'>Praecipue</span> <span class='ocrx_word' id='word_1_176' title='bbox 449 2183 584 2228; x_wconf 78' lang='lat' dir='ltr'>infelix,</span> <span class='ocrx_word' id='word_1_177' title='bbox 613 2185 707 2236; x_wconf 79' lang='lat' dir='ltr'>pesti</span> <span class='ocrx_word' id='word_1_178' title='bbox 727 2185 857 2222; x_wconf 74' lang='lat' dir='ltr'>devota</span> <span class='ocrx_word' id='word_1_179' title='bbox 885 2183 1041 2229; x_wconf 66' lang='lat' dir='ltr'>futurae,</span> 
     </span>
    </p>
   </div>
  </div>
 </body>
</html>
