1493 2605
350 446 393 482 Ρ.
437 442 697 483 VIRGILII
738 443 1005 484 MARONIS

154 602 1200 664 AENEJIDUS

531 769 711 808 LIBER
769 770 827 808 ΙΙ.

162 1065 448 1103 (ἶοΝτῐςυεῐιε
471 1077 606 1108 omneS‚
636 1063 841 1114 intentique
859 1078 922 1101 ora
941 1065 1123 1102 tenebant.

159 1133 253 1169 Inde
274 1141 355 1168 toro
375 1140 478 1181 pater
498 1131 646 1168 Aeneas
675 1131 725 1167 sic
745 1144 846 1168 orsus
865 1132 910 1167 ab
932 1132 1006 1168 alto
1025 1147 1034 1169 :

209 1197 419 1241 Infandum,
452 1197 607 1248 Regina,
630 1197 736 1248 jubes
757 1211 923 1234 renovare
942 1197 1122 1242 dolorem,

155 1264 334 1316 Trojanas
354 1273 396 1301 ut
415 1277 504 1313 opes
523 1275 560 1300 et
581 1263 809 1300 lamentabile
831 1278 983 1315 regnum

157 1329 333 1367 Eruerint
355 1329 479 1367 Danai
497 1345 507 1366 :
539 1343 703 1379 quaeque
724 1333 798 1380 ipse
819 1330 1012 1366 miserrima
1030 1329 1116 1374 vidi,

157 1396 211 1434 Et
232 1410 387 1446 quorum
406 1409 488 1446 pars
506 1409 635 1447 magna
658 1395 717 1432 fui.
753 1396 860 1445 Quis,
900 1395 987 1433 talia
1007 1395 1132 1439 fando,

157 1463 447 1512 Myrmidonum,
477 1462 724 1512 Dolopumve,
753 1473 816 1499 aut
838 1462 917 1499 duri
939 1462 1039 1500 miles
1066 1448 1185 1507 Ulixi,

157 1529 357 1579 Temperet
379 1543 399 1565 a
418 1529 574 1565 lacrimis
593 1530 604 1566 ?
623 1540 661 1565 et
676 1531 747 1581 jam
770 1543 842 1565 nox
864 1529 1011 1566 humida
1031 1528 1133 1566 coelo

157 1595 394 1645 Praecipitat,
422 1596 644 1645 suadentque
664 1596 830 1633 cadentia
849 1595 964 1632 sidera
988 1608 1132 1632 somnos
1146 1609 1158 1632 ε

160 1662 247 1704 Sed,
278 1661 306 1698 si
327 1670 450 1698 tantus
471 1675 571 1698 amor
591 1674 694 1698 casus
713 1675 937 1712 cognoscere
957 1671 1113 1706 nostros,

158 1728 213 1765 Et
232 1728 388 1764 breviter
408 1727 543 1778 Trojae
564 1741 768 1777 supremum
789 1727 911 1764 audire
931 1727 1091 1764 laborem
1108 1743 1120 1772 ;

164 1795 402 1843 Quamquam
419 1793 556 1830 animus
585 1794 784 1831 meminisse
804 1793 942 1836 horret,
967 1793 1142 1843 luctuque
1162 1807 1216 1831 re-

158 1860 347 1910 Incipiam.
379 1860 503 1898 Fracti
521 1860 632 1903 bello,
663 1859 819 1910 fatisque
840 1860 985 1910 repulsi,
1074 1860 1212 1913 [fugit,

156 1927 348 1965 Ductores
369 1927 553 1969 Danaum,
580 1936 638 1963 tot
654 1928 726 1977 jam
741 1926 946 1963 labentibus
966 1927 1080 1972 annis,

159 1992 281 2030 Instar
299 1992 431 2030 montis
448 2007 595 2043 equum,
625 1993 743 2029 divina
766 1993 922 2030 Palladis
943 2003 1033 2037 arte,

158 2059 388 2103 Aedificant,
419 2069 589 2110 sectaque
608 2060 776 2097 intexunt
796 2059 915 2096 abiete
935 2069 1066 2097 costas.

159 2127 301 2163 Votum
319 2141 385 2176 pro
406 2128 526 2164 reditu
546 2127 711 2165 simulant
731 2143 740 2165 :
771 2141 812 2164 ea
831 2126 924 2164 fama
944 2138 1110 2178 vagatur.

159 2193 268 2239 Huc,
295 2193 436 2233 delecta
455 2194 569 2233 virum
589 2195 707 2232 sortiti
729 2208 898 2247 corpora,
927 2193 1054 2232 furtim

642 2264 734 2302 T2
