1493 2605
202 291 254 327 43
519 288 864 328 GEORGICON
922 275 954 325 1.
1113 302 1145 326 v.
1166 280 1254 329 272.

206 401 470 451 Bilantumque
485 415 633 452 gregem
655 400 763 437 fluvio
783 413 933 437 mersare
953 400 1095 438 salubri.

207 469 321 517 Saepe
341 468 419 504 olco
441 468 530 504 tardi
551 477 669 504 costas
688 466 846 518 agitator
864 465 960 503 aselli

204 534 348 571 Vilibus
368 544 427 570 aut
449 544 570 570 onerat
595 533 708 583 pomis
727 549 737 579 ;
765 532 1006 583 lapidemque,
1027 542 1219 577 revertens,

205 602 390 643 Incusum,
420 610 479 637 aut
501 610 597 637 atrae
617 613 765 637 massam
785 599 888 650 picis,
918 600 1004 636 urbe
1026 607 1200 649 reportat.

259 670 342 716 Ipsa
364 668 438 704 dics
458 667 544 704 alios
565 667 633 704 alio
653 667 751 704 dedit
770 665 893 703 ordine
916 666 1023 703 Luna

202 735 341 773 Felices
360 748 507 783 operum
527 749 537 773 z
567 734 729 784 quintam
749 732 835 784 fuge
854 748 864 777 ;
894 732 1047 783 pallidus
1069 733 1202 777 Orcus,

204 801 495 850 Eumenidesque
516 810 611 838 satae
630 815 638 838 :
671 810 749 838 turn
770 809 877 850 partu
896 800 1012 837 Terra
1033 799 1186 836 nefando

199 871 412 919 Coeumque
437 870 676 918 Iapetumque
696 876 808 912 creat,
823 881 1037 917 saevumque
1057 866 1256 917 Typhoea,

204 938 257 974 Et
278 939 482 993 conjuratos
503 934 642 972 coelum
660 934 854 971 rescindere
874 933 1015 972 fratres.

201 1004 280 1040 Ter
299 1013 380 1040 sunt
401 1002 519 1039 conati
541 1001 723 1051 imponere
744 1000 844 1038 Pelio
867 1000 997 1038 Ossam

203 1070 365 1112 Scilicet,
378 1079 487 1118 atque
499 1068 613 1106 Ossae
627 1067 835 1104 frondosum
847 1066 1024 1104 involvere
1033 1067 1253 1119 Olympum:

201 1137 279 1174 Ter
298 1144 400 1185 pater
419 1143 624 1172 exstructos
644 1133 781 1186 disjecit
802 1133 950 1172 fulmine
969 1135 1111 1172 montis.

203 1203 366 1253 Septima
386 1212 467 1252 post
489 1201 662 1238 decimam
681 1199 780 1245 felix,
808 1210 844 1238 et
865 1214 1003 1251 ponere
1023 1201 1144 1245 vitem,

201 1269 256 1307 Et
276 1282 423 1319 prensos
442 1268 616 1304 domitare
634 1268 758 1312 boves,
785 1277 822 1304 et
841 1266 922 1304 licia
941 1267 1030 1304 telae

199 1335 353 1372 Addere
372 1351 381 1373 z
413 1347 505 1371 nona
524 1333 633 1386 fugae
652 1333 789 1378 melior,
817 1333 996 1371 contraria
1016 1333 1134 1370 furtis.

254 1403 379 1440 Multa
398 1402 486 1439 adeo
507 1401 625 1453 gelida
644 1399 768 1437 melius
787 1414 823 1438 se
843 1411 950 1438 nocte
969 1401 1111 1446 dedere,

200 1471 286 1508 Aut
306 1460 417 1518 quum
439 1467 512 1505 sole
532 1481 625 1504 novo
644 1477 756 1504 terras
775 1467 903 1505 irrorat
924 1467 1039 1505 Eous.

202 1535 325 1573 Nocte
343 1534 436 1571 leves
456 1533 581 1571 melius
601 1533 767 1584 stipulae,
796 1542 903 1571 nocte
923 1533 1021 1570 arida
1040 1542 1143 1584 prata

201 1602 421 1639 Tondentur
436 1616 445 1638 ε
476 1610 601 1638 noctes
619 1600 738 1638 lentus
760 1614 830 1638 non
850 1600 973 1638 deficit
991 1600 1133 1637 humor.

203 1668 255 1706 Et
275 1668 421 1717 quidam
441 1680 536 1704 seros
554 1667 694 1704 hiberni
713 1668 758 1705 ad
776 1667 916 1704 luminis
936 1667 1038 1718 ignes

201 1733 412 1786 pervigilat,
440 1732 608 1783 ferroque
627 1732 723 1770 faces
742 1733 894 1783 inspicat
914 1742 1023 1770 acuto
1040 1748 1051 1770 ι

200 1801 357 1844 Interea,
377 1799 527 1850 longum
547 1809 657 1837 cantu
678 1799 791 1837 solata
809 1798 982 1844 laborem,

199 1868 356 1917 Arguto
377 1868 533 1917 conjunx
555 1866 732 1916 percurrit
750 1866 894 1917 pectine
913 1865 1028 1911 telas;

198 1935 284 1971 Aut
304 1932 419 1970 dulcis
439 1934 547 1970 musti
566 1933 734 1971 Volcano
753 1933 927 1983 decoquit
947 1933 1146 1979 humorem,

199 2000 253 2038 Et
272 2000 367 2036 foliis
386 1999 516 2036 undarn
536 1999 668 2049 trepidi
687 1998 876 2049 despumat
895 1999 1010 2036 aheni.

251 2067 311 2104 At
330 2066 531 2103 rubicunda
549 2066 660 2104 Ceres
679 2065 797 2103 medio
815 2065 1014 2103 succiditur
1030 2074 1130 2103 aestu
1149 2081 1159 2112 ;

199 2133 252 2170 Et
272 2133 388 2170 medio
407 2142 521 2170 tostas
539 2141 640 2170 aestu
658 2133 744 2170 terit
764 2146 844 2169 area
862 2131 998 2184 fruges.

200 2199 331 2237 Nudus
351 2213 422 2245 ara,
452 2213 526 2239 sere
544 2200 662 2239 nudus
679 2215 689 2239 ;
719 2199 831 2238 hiems
850 2198 978 2251 ignava
997 2197 1141 2237 colono.-
