1493 2605
201 344 234 367 v.
252 327 342 371 ὅτε.
505 327 806 386 ΑΕΝΕΙΒΟΞ.
863 327 944 366 111.
1176 313 1250 368 19'7

202 441 313 477 Fama
332 449 400 483 est,
423 439 614 484 Enceladi,
635 439 844 476 semiustum
865 437 1026 482 fulmine,
1047 451 1179 488 corpus

201 505 365 557 Urgueri
385 506 479 542 mole
499 507 579 550 hac,
599 507 855 558 ingentemque
875 506 1019 554 insuper
1039 505 1205 542 Aetnam

202 573 416 623 Impositam
437 573 554 622 ruptis
575 573 751 610 flammam
766 572 951 622 exspirare
970 571 1141 615 caminis;

201 640 269 684 Et,
289 639 422 676 fessum
441 640 582 689 quoties
603 649 720 676 mutet
737 640 843 682 latus,
873 639 1062 675 intremere
1081 652 1226 675 ‹zmnem

199 705 392 742 Murmure
418 705 657 749 Trinacriam,
677 713 714 742 et
735 705 876 742 coelum
899 705 1090 741 subtexere
1110 703 1225 741 fumo.

200 773 362 811 Noctem
381 773 477 809 illam
496 773 586 809 tecti
607 772 700 809 silvis
719 771 885 808 immania
905 780 1066 808 monstra

202 838 421 875 Perferimus
436 854 447 883 ;
468 852 546 882 nee,
560 851 651 887 quae
665 840 822 874 sonitum
838 838 898 874 det
915 851 1048 873 caussa.
1067 837 1250 874 videmus:

200 906 297 942 Nam
312 919 426 955 neque
444 915 545 942 erant
561 914 738 941 astrorum
751 904 866 955 ignes,
887 918 952 941 nec
967 904 1110 940 lucidus
1129 904 1253 940 aethra

202 971 350 1008 Siderea
369 971 486 1021 polus,
507 973 664 1008 obscuro
686 971 747 1008 sed
769 970 889 1008 nubila
909 970 1012 1008 coelo
1029 986 1039 1015 ;

201 1038 255 1075 Et
275 1038 394 1075 lunam
415 1039 448 1075 in
470 1039 592 1075 nimbo
612 1053 684 1075 nox
704 1039 922 1088 intempesta
941 1038 1103 1075 tenebat.

255 1105 406 1142 Postera
419 1108 567 1157 jamque
587 1105 662 1142 dies
682 1106 799 1155 primo
821 1105 994 1155 surgebat
1018 1104 1114 1147 Eoo,

200 1172 501 1223 Humentemque
519 1173 672 1209 Aurora
690 1172 777 1222 polo
798 1172 997 1208 dimoverat
1016 1173 1207 1209 umbram:

201 1240 327 1289 Quum
347 1239 468 1276 subito
487 1253 506 1276 e
526 1239 633 1280 silvis,
654 1239 766 1275 macie
778 1238 950 1276 confecta
969 1252 1148 1288 suprema,

201 1307 329 1358 Ignoti
349 1321 440 1343 nova
460 1306 576 1343 forma
596 1306 673 1349 viri,
695 1306 965 1356 miserandaque
985 1306 1104 1349 cultu,

199 1373 386 1418 Procedit,
406 1373 633 1423 supplexque
654 1386 777 1409 manus
804 1373 850 1409 ad
869 1372 996 1409 littora
1015 1372 1147 1410 tendit.

202 1439 446 1490 Respicimus.
503 1441 597 1477 Dira
616 1440 766 1484 illuvies,
795 1440 1026 1489 immissaque
1046 1439 1177 1483 b'arba,

200 1506 419 1544 Consertum
439 1516 608 1559 tegumen
630 1507 738 1557 spinis
757 1521 766 1544 :
798 1516 836 1543 at
855 1515 978 1543 cetera
999 1506 1150 1549 Graius,

200 1574 260 1611 Ut
279 1574 462 1623 quondam
482 1574 608 1623 patriis
628 1574 673 1610 ad
693 1573 844 1625 Trojam
865 1573 993 1609 missus
1012 1573 1047 1608 in
1069 1571 1189 1609 armis.

202 1641 326 1689 Isque,
346 1640 407 1676 ubi
429 1640 635 1678 Dardanios
654 1640 815 1683 habitus,
834 1648 872 1676 et
894 1639 1012 1676 Troia
1032 1638 1123 1674 vidit

200 1705 321 1742 Arma
340 1706 483 1756 procul,
506 1705 666 1756 paullum
686 1706 863 1756 adspectu
884 1704 1104 1742 conterritus
1124 1704 1257 1748 haesit,

201 1772 466 1822 Continuitque
485 1773 638 1824 gradum
656 1788 665 1810 ε
688 1786 773 1809 mox
787 1786 861 1809 sese
877 1772 922 1808 ad
936 1771 1064 1808 littora
1083 1785 1256 1821 praeceps

202 1839 299 1876 Cum
320 1839 409 1876 fletu
428 1839 668 1889 precibusque
687 1839 773 1876 tulit
791 1854 800 1877 :
833 1839 904 1876 Per
923 1839 1039 1875 sidera
1058 1847 1190 1882 testor,

202 1905 274 1942 Per
293 1919 454 1955 superos,
483 1915 592 1956 atque
612 1907 682 1943 hoc
702 1906 793 1943 coeli
813 1905 980 1956 spirabile
1000 1904 1121 1941 lumen
1138 1920 1149 1949 ;

201 1972 342 2009 Tollite
361 1987 432 2017 me,
452 1973 613 2011 Teucri:
645 1983 890 2024 quascumque
910 1972 1082 2009 abducite
1102 1981 1228 2009 terras.

202 2039 293 2076 Hoc
313 2049 368 2076 sat
387 2040 469 2077 erit.
501 2040 586 2077 Scio
605 2054 662 2077 me
683 2041 825 2078 Danais
844 2055 863 2077 e
883 2040 1056 2077 classibus
1076 2053 1204 2084 unum,

204 2106 258 2142 Et
279 2105 373 2142 bello
397 2106 528 2144 Iliacos
548 2107 668 2144 fateor
689 2107 836 2157 petiisse
857 2107 1012 2145 Penates
1030 2122 1040 2152 3

204 2173 277 2210 Pro
297 2187 384 2223 quo,
405 2173 432 2210 si
453 2173 593 2210 sceleris
613 2183 716 2210 tanta
734 2184 790 2211 est
809 2174 937 2225 injuria
958 2172 1085 2216 nostri,

205 2239 377 2292 Spargite
395 2254 452 2279 me
471 2241 506 2278 in
527 2241 674 2289 fluctus,
694 2251 869 2292 vastoque
889 2241 1094 2292 immergite
1112 2248 1228 2291 ponto
1245 2254 1255 2276 :
