1493 2605
161 331 212 361 xv.
231 322 318 363 377.
507 320 804 361 AENEmos
839 377 842 380 ἢ
864 322 896 359 1.
1151 323 1225 361 133

181 433 294 471 Forte
314 447 377 470 sua
396 432 551 482 Libycis
570 442 765 483 tempestas
785 432 926 483 appulit
945 432 1028 468 oris.

185 500 274 537 Sum
293 500 375 549 pius
397 500 556 544 Aeneas,
586 511 708 549 raptos
728 500 788 550 qui
808 514 851 536 ex
873 500 975 535 hoste
997 499 1149 536 Penates

180 565 304 603 Classe
324 565 414 602 veho
435 580 589 610 mecum,
610 565 704 602 fama
725 580 831 615 super
851 566 995 602 aethera
1015 577 1137 603 notus.

182 630 324 668 Italiam
346 645 481 681 quaero
500 632 666 681 patriam,
687 646 800 682 genus
820 632 863 668 ab
884 633 973 670 Jove
993 645 1143 669 summo.

182 696 245 734 Bis
265 697 362 735 denis
389 699 592 749 Phrygium
612 698 804 735 conscendi
824 699 971 736 navibus
990 712 1138 749 aequor,

179 763 302 802 Matre
322 765 388 802 dea
406 774 630 801 monstrante
651 765 754 809 viam,
775 765 858 801 data
878 765 951 801 fata
972 776 1116 802 secutus
1135 781 1144 803 ε

179 832 255 869 Vix
275 842 426 882 septem,
447 817 635 869 convolsae
658 831 758 868 undis
781 832 969 881 Euroque,
994 842 1199 882 supersunt.

181 898 266 946 Ipse
284 898 444 948 ignotus,
464 911 586 949 egens,
609 898 752 948 Libyae
771 898 914 934 deserta
935 912 1101 949 peragro,

181 963 332 1015 Europa
350 974 458 1014 atque
478 965 572 1001 Asia
600 964 736 1014 pulsus.
794 964 874 1001 Nec
894 963 997 1013 plura
1017 973 1228 1014 querentem

180 1030 289 1068 Passa
307 1031 433 1067 Venus
453 1031 570 1067 medio
591 1031 640 1068 sic
655 1030 823 1067 interfata
842 1030 966 1067 dolore
985 1039 1039 1067 est
1056 1046 1065 1069 :

225 1096 400 1146 Quisquis
413 1110 463 1140 es,
479 1097 590 1140 haud,
604 1097 724 1141 credo,
746 1097 876 1133 invisus
892 1097 1107 1134 coelestibus
1127 1111 1230 1135 auras

181 1162 323 1199 Vitales
344 1163 474 1212 carpis,
496 1164 648 1213 Tyriam
671 1163 732 1212 qui
753 1163 934 1200 adveneris
957 1164 1094 1200 urbem.

179 1229 299 1279 Perge
318 1229 440 1273 modo,
460 1239 569 1279 atque
585 1230 668 1266 hinc
685 1239 720 1266 te
736 1230 879 1281 reginae
894 1229 938 1266 ad
958 1229 1077 1266 limina
1095 1230 1227 1280 perfer.

180 1295 349 1345 Namque
369 1296 435 1333 tibi
456 1296 603 1333 reduces
623 1296 752 1340 socios,
774 1296 993 1345 classemque
1013 1296 1175 1341 relatam,

180 1361 338 1406 Nuntio,
357 1371 393 1399 et
409 1363 442 1398 in
459 1373 582 1399 tutum
603 1363 708 1399 versis
728 1362 956 1412 aquilonibus
975 1372 1091 1400 actam
1110 1378 1121 1408 3

179 1427 231 1465 Ni
246 1426 379 1464 frustra
398 1427 588 1479 augurium
610 1429 687 1465 vani
709 1429 863 1465 docuere
893 1438 1068 1478 parentes.

178 1495 347 1545 Adspice
365 1495 420 1532 bis
441 1509 542 1532 senos
561 1495 726 1532 laetantis
746 1495 890 1546 agmine
910 1509 1060 1544 cycnos,

180 1561 361 1598 Aetheria
380 1575 470 1610 quos
491 1561 591 1611 lapsa
610 1561 718 1612 plaga
733 1562 833 1599 Jovis
853 1561 924 1598 ales
943 1571 1070 1611 aperto

179 1626 373 1664 Turbabat
395 1627 497 1663 coelo
515 1642 524 1665 ς
557 1641 650 1664 nunc
671 1637 782 1664 terras
802 1627 926 1663 ordine
945 1627 1058 1678 longo

180 1692 269 1729 Aut
289 1706 430 1742 capere,
449 1703 509 1729 aut
531 1704 656 1742 captas
670 1696 743 1744 jam
764 1694 988 1743 despectare,
1008 1693 1185 1730 videntur.

180 1761 238 1797 Ut
259 1759 406 1797 reduces
425 1759 474 1796 illi
492 1760 623 1797 ludunt
644 1761 876 1797 stridentibus
895 1760 972 1805 alis,

184 1826 240 1863 Et
258 1836 368 1863 coetu
388 1827 531 1864 cinxere
550 1827 690 1877 polum,
710 1837 909 1877 cantusque
928 1827 1058 1865 dedere
1075 1844 1086 1874 ;

181 1893 299 1930 Haud
319 1893 421 1931 aliter
439 1907 651 1944 puppesque
669 1902 767 1936 tuae,
787 1894 972 1943 pubesque
991 1904 1138 1931 tuorum

178 1961 264 1998 Aut
286 1969 433 2010 portum
455 1970 568 2003 tenet,
592 1969 654 1997 aut
673 1960 782 2010 pleno
802 1960 899 1996 subit
918 1961 1009 1997 ostia
1028 1960 1120 1998 velo.

181 2026 300 2077 Perge
319 2027 442 2069 modo,
461 2035 511 2070 et,
532 2040 603 2076 qua
622 2036 658 2063 te
679 2027 782 2063 ducit
803 2026 870 2069 via,
891 2026 1007 2077 dirige
1027 2040 1200 2077 gressum.
1218 2029 1230 2081 J

233 2092 358 2136 Dixit,
378 2101 414 2129 et
433 2103 594 2130 avertens
613 2106 714 2129 rosea
733 2092 869 2129 cervice
888 2091 1042 2136 refulsit,

179 2157 474 2209 Ambrosiaeque
495 2173 617 2196 comae
638 2160 799 2196 divinum
820 2158 952 2195 vertice
971 2159 1121 2196 odorem

181 2222 370 2274 ‚spiravere
389 2240 400 2271 3
423 2226 532 2276 pedes
551 2227 657 2264 vestis
677 2225 829 2263 defluxit
848 2226 894 2263 ad
912 2225 1016 2270 imos,
