1493 2605
192 335 334 371 1:299.
498 331 796 385 AENEIDOS
854 331 926 369 iv.
1163 331 1239 368 213

194 442 343 479 Detulit
362 440 488 478 armari
508 442 670 485 classem,
691 455 911 491 cursumque
932 440 1060 490 parari.

197 508 316 546 Saevit
338 508 442 557 inops
462 508 582 551 animi,
611 517 799 557 totamque
817 508 959 544 incensa
979 521 1044 556 per
1063 506 1187 543 urbem

196 575 427 619 Bacchatur3
458 574 586 623 qualis,
605 574 795 609 commotis
813 574 932 609 excita
951 573 1072 616 sacris,

195 639 351 689 Thyias,
373 640 433 676 ubi
453 641 578 676 audito
598 639 783 676 stimulant
803 639 985 676 trieterica
1009 639 1155 675 Baccho

194 708 324 758 Orgia,
346 716 617 756 nocturnusque
636 716 742 743 vocat
763 705 920 742 clamore
936 706 1150 743 Cithaeron.

192 773 361 810 Tandem
379 773 433 809 his
456 773 608 810 Aenean
628 772 823 822 compellat
840 772 988 809 vocibus
1008 772 1105 808 ultro
1121 787 1132 809 z

246 839 485 877 Dissimulare
505 839 612 876 etiam
633 839 797 888 sperasti,
818 839 965 887 perfide,
990 847 1135 874 tantum

196 908 308 944 Posse
330 905 443 948 nefas,
471 904 676 954 tacitusque
696 918 773 942 mea
793 905 965 942 decedere
985 913 1079 941 terra
1097 906 1110 942 ἒ

194 973 274 1010 Nec
294 981 330 1008 te
351 981 472 1009 noster
491 986 604 1015 amor,
625 986 690 1008 nec
710 981 747 1008 te
766 972 852 1008 data
871 972 1019 1008 dextera
1043 971 1240 1021 quondam,

194 1039 274 1076 Nee
295 1039 467 1075 moritura
485 1048 585 1075 tenet
605 1038 743 1075 crudeli
763 1037 888 1074 funere
910 1038 1042 1075 Dido?

194 1107 294 1155 Quin
315 1107 423 1142 etiam
443 1106 594 1142 hiberno
615 1104 747 1141 moliris
769 1105 882 1142 sidere
902 1105 1063 1149 classem,

194 1172 248 1208 Et
265 1172 390 1208 mediis
410 1186 581 1221 properas
602 1171 851 1221 Aquilonibus
872 1171 922 1208 ire
943 1186 1009 1221 per
1029 1172 1157 1216 altum,

193 1238 360 1276 Crudelis
378 1241 386 1275 !
420 1238 549 1288 Quid?
577 1238 603 1274 si
623 1252 693 1273 non
713 1251 794 1274 arva
813 1237 927 1274 aliena
946 1239 1149 1288 domosque

194 1305 348 1355 Ignotas
369 1314 524 1354 peteres,
552 1314 590 1341 et
619 1304 733 1355 Troja
752 1304 900 1354 antiqua
919 1313 1078 1340 maneret
1096 1321 1107 1350 ς

193 1371 306 1422 Troja
322 1385 386 1421 per
405 1372 581 1408 undosum
597 1379 784 1420 peteretur
795 1371 966 1408 classibus
982 1372 1139 1421 aequor?
1163 1375 1238 1422 [te‚

192 1438 306 1476 Mene
318 1438 437 1489 fugis?
449 1439 531 1481 Per,
538 1436 1119 1488 ego,haslacrimas,dextramque
1126 1447 1239 1482 tuam,

194 1505 356 1554 Quando
375 1505 473 1541 aliud
494 1504 580 1540 mihi
594 1505 669 1554 jam
689 1503 836 1540 miserae
856 1504 943 1540 nihil
962 1504 1039 1554 ipsa
1057 1504 1209 1554 reliqui!

195 1571 265 1608 Per
284 1571 464 1608 connubia
485 1580 620 1613 nostra,
640 1584 705 1619 per
724 1570 887 1619 inceptos
908 1570 1146 1619 Hymenaeos
1164 1586 1175 1615 3

195 1638 234 1675 Si
255 1639 343 1674 bene
362 1637 452 1686 quid
471 1635 516 1673 de
535 1645 572 1673 te
592 1636 720 1678 merui,
740 1635 810 1671 fuit
830 1645 893 1672 aut
914 1636 979 1673 tibi
1001 1636 1199 1686 quidquam

193 1703 317 1741 Dulce
338 1717 482 1748 meum3
512 1703 677 1739 miserere
698 1703 826 1738 domus
845 1701 1010 1746 labentis,
1031 1712 1067 1739 et
1087 1703 1207 1747 istam,

194 1770 289 1813 Oro,
318 1769 345 1805 si
366 1770 445 1818 quis
463 1770 582 1806 adhuc
601 1769 769 1818 precibus
788 1768 903 1812 locus,
932 1782 1024 1805 exue
1042 1778 1211 1806 mentem.

195 1836 254 1873 Te
274 1845 426 1885 propter
446 1836 613 1886 Libycae
634 1846 761 1886 gentes
782 1835 1064 1886 Nomadumque
1084 1835 1227 1885 tyranni

195 1904 318 1941 Odere
336 1920 346 1948 3
378 1902 504 1940 infensi
523 1902 631 1952 Tyrii
650 1918 658 1939 :
691 1913 728 1939 te
746 1912 899 1952 propter
917 1903 1070 1939 eundem

194 1969 411 2006 Exstinctus
430 1970 562 2018 pudor,
590 1979 641 2012 et,
663 1983 734 2019 qua
753 1969 826 2005 sola
845 1969 958 2005 sidera
977 1968 1134 2012 adibam,

195 2038 305 2074 Fama
325 2036 436 2087 prior.
467 2036 538 2074 Cui
557 2050 613 2072 me
634 2036 883 2072 moribundam
907 2036 1052 2079 deseris,
1080 2035 1239 2084 hospes?

195 2104 285 2140 Hoc
307 2102 423 2139 solum
443 2116 570 2139 nomen
591 2102 759 2152 quoniam
779 2103 823 2139 de
843 2104 998 2153 conjuge
1017 2110 1140 2139 restat.

195 2169 298 2218 Quid
312 2170 454 2206 moror?
473 2182 529 2213 an,
545 2183 622 2206 mea
637 2168 852 2220 Pygmalion
869 2169 954 2205 dum
975 2169 1115 2205 moenia
1130 2167 1240 2206 frater

195 2236 387 2283 Destruat‚
408 2244 471 2273 aut
489 2244 633 2287 captam
652 2236 763 2273 ducat
784 2234 967 2274 Gaetulus
989 2235 1112 2273 Iarbas
1130 2235 1196 2273 ?-
