1493 2605
224 266 278 302 62¹
506 265 855 305 GEORGICON
914 268 968 305 Π.
1134 285 1167 307 v.
1189 273 1276 309 130.

224 374 419 411 Auxilium
436 376 545 419 venit,
565 390 604 413 ac
625 378 793 414 membris
813 379 888 428 agit
910 388 986 415 atra
1006 393 1151 420 venena.

226 441 310 490 Ipsa
332 442 455 493 ingens
475 443 593 482 arbos.
624 441 824 492 faciemque
844 444 1021 482 simillima
1041 446 1141 483 lauro
1160 463 1172 491 ς

224 507 289 546 Et.
311 508 337 544 si
359 522 427 544 non
448 508 555 544 altum
577 508 647 545 late
662 511 816 558 jactaret
837 511 999 554 odorem,

224 572 368 609 Laurus
387 583 461 610 crat
481 589 489 611 ε
522 574 606 610 folia
627 574 721 611 haud
746 575 825 612 ullis
852 575 1008 613 labentia
1031 577 1142 614 ventis
1161 594 1172 622 ;

226 638 313 676 Flos
334 641 377 676 ad
399 641 510 690 prima
532 650 639 678 tenax
659 656 668 679 ε
699 641 831 678 animas
850 652 886 679 et
907 642 1040 680 olentia
1061 643 1165 680 Medi

223 705 300 743 Ora
321 705 443 743 fovent
466 706 538 750 illo,
558 717 595 744 et
617 708 759 745 senibus
781 709 1006 746 medicantur
1025 709 1173 746 anhelis.

274 772 348 808 Sed
368 787 483 822 neque
505 773 716 818 Medorum,
736 774 841 812 silvae
857 775 1043 816 ditissima.
1063 783 1172 819 terra,

221 837 300 876 Nec
321 837 471 889 pulcher
492 840 656 892 Ganges,
679 851 788 892 atque
807 855 895 878 auro
915 842 1082 879 turbidus
1104 841 1282 887 Hermus,

223 904 414 942 Laudibus
437 895 562 944 Italiac
581 918 718 945 certent
739 924 749 953 ;
780 922 850 945 non
874 909 1008 946 Bactra
1027 922 1143 959 neque
1165 909 1262 954 Indi,

221 972 394 1022 Totaque
415 972 573 1010 turiferis
595 974 775 1012 Panchaia
797 974 942 1026 pinguis
960 974 1086 1012 arenis.

220 1039 327 1077 Haec
347 1039 426 1076 loca
445 1053 516 1076 non
536 1040 629 1076 tauri
651 1041 827 1090 spirantes
848 1042 994 1079 naribus
1014 1042 1137 1093 ignem

221 1105 419 1150 Invertere,
440 1107 525 1143 satis
545 1106 707 1144 immanis
727 1107 895 1144 dentibus
916 1107 1022 1158 hydri
1041 1124 1053 1153 ;

219 1171 298 1209 Nec
318 1171 430 1223 galeis
458 1173 648 1223 densisque
668 1173 780 1210 virum
800 1188 902 1224 seges
923 1175 1064 1212 horruit
1085 1175 1222 1215 hastis:

220 1240 292 1277 Sed
314 1239 484 1290 gravidae
502 1238 628 1290 fruges
648 1249 684 1276 et
707 1240 843 1277 Bacchi
866 1240 1044 1278 Massicus
1064 1242 1195 1287 humor

220 1306 419 1356 Implevere
436 1321 446 1352 ;
477 1315 601 1343 tenent
620 1305 718 1343 oleae
739 1316 972 1357 armentaque
992 1307 1096 1345 laeta.

218 1374 320 1411 Hinc
340 1372 494 1410 bellator
521 1385 638 1423 equus
657 1386 786 1422 campo
807 1386 881 1410 sese
901 1374 1035 1411 arduus
1056 1375 1164 1413 infert
1185 1391 1194 1413 :

217 1440 320 1477 Hinc
341 1440 424 1484 albi,
445 1439 644 1484 Clitumne,
660 1453 803 1491 greges,
819 1450 856 1477 et
873 1441 1040 1485 maxima,
1057 1450 1196 1487 taurus,

217 1507 389 1550 Victima,
418 1521 522 1556 saepe
542 1515 607 1544 tuo
627 1506 762 1556 perfusi
784 1507 928 1544 flumine
948 1521 1063 1552 sacro,

218 1574 403 1612 Romanos
422 1575 465 1610 ad
486 1574 622 1624 templa
641 1573 747 1610 deum
768 1574 903 1610 duxere
922 1574 1141 1624 triumphos.

215 1641 294 1678 Hic
313 1655 374 1678 ver
393 1641 587 1684 assiduum,
607 1651 717 1692 atque
733 1641 856 1679 alienis
876 1642 1058 1679 mensibus
1078 1653 1192 1683 aestas
1210 1660 1221 1690 ;

215 1707 279 1744 Bis
297 1707 465 1758 gravidae
485 1708 656 1757 pecudes,
675 1709 731 1745 bis
750 1708 865 1758 pomis
886 1708 983 1745 utilis
1003 1709 1121 1748 arbor.

213 1775 273 1813 At
294 1775 437 1812 rabidae
458 1775 570 1826 tigres
590 1775 734 1818 absunt,
764 1784 802 1812 et
822 1789 923 1812 saeva
942 1777 1088 1814 leonum

217 1840 360 1877 Semina
379 1856 390 1886 ;
420 1855 484 1878 nec
506 1841 652 1878 miseros
673 1841 803 1878 fallunt
823 1841 966 1878 aconita
986 1841 1139 1893 legentis
1157 1859 1168 1888 ;

214 1907 293 1944 Nec
313 1908 406 1957 rapit
426 1908 618 1945 immensos
636 1908 732 1944 orbis
758 1922 823 1958 per
840 1908 1005 1952 humum,
1035 1923 1151 1960 neque
1171 1918 1274 1949 tanto

214 1976 415 2024 Squameus
434 1975 468 2012 in
490 1975 621 2025 spiram
643 1984 763 2011 tractu
784 1988 820 2011 se
840 1974 983 2026 colligit
1003 1977 1145 2027 anguis.

211 2040 326 2078 Adde
345 2050 403 2078 tot
423 2043 588 2092 egregias
609 2041 717 2084 urbis,
738 2055 961 2092 operumque
981 2042 1154 2089 laborem,

211 2106 292 2143 Tot
312 2117 487 2158 congesta
506 2122 612 2145 manu
631 2109 835 2159 praeruptis
855 2109 990 2161 oppida
1009 2110 1116 2155 saxis,

215 2171 453 2224 fluminaque
471 2174 640 2226 antiquos
659 2175 941 2214 subterlabentia
960 2190 1093 2220 murOS,
