1529 2693
166 307 202 329 v.
221 292 281 331 17.
508 286 747 327 ECLOGA
804 286 877 323 VI.
1168 285 1215 322 21

168 402 221 439 Et
240 401 358 453 gravis
377 400 502 437 attrita
521 399 700 449 pendebat
721 398 913 435 cantharus
932 409 1027 434 ansa.

167 468 350 519 Aggressi
375 468 475 519 (nam
496 480 601 515 saepe
621 478 727 502 senex
749 478 811 514 spe
831 464 994 501 carminis
1013 465 1121 501 ambo

167 532 348 585 Luserat)
374 533 538 583 injiciunt
558 531 643 581 ipsis
664 545 707 567 ex
729 530 868 567 vincula
888 531 1001 568 sertis.

170 600 294 637 Addit
314 613 350 636 se
371 599 518 641 sociam,
548 597 754 647 timidisque
773 597 989 647 supervenit,
1009 598 1134 648 Aegle
1151 614 1162 645 ς

166 665 305 716 Aegle,
326 665 508 702 Naiadum
528 663 770 713 pulcherrirna
789 678 798 707 ;
825 666 969 713 jamque
989 663 1125 700 videnti

169 730 382 782 Sanguineis
402 730 559 767 frontem
579 730 685 766 moris
704 739 741 766 et
761 738 924 778 tempora
944 729 1074 780 pingit.

169 796 251 841 Ille,
272 796 397 833 dolum
416 796 548 840 ridens,
570 798 657 845 Quo
677 795 814 832 vincula
836 796 978 832 nectitis
996 796 1008 833 ?
1036 796 1153 846 inquit
1169 812 1180 834 ε

170 861 308 899 Solvite
328 875 397 905 me,
416 862 544 911 pueri3
575 862 658 898 satis
677 871 732 898 est
752 862 912 911 potuisse
933 861 1042 898 videri
1059 876 1069 898 ε

168 929 349 973 Carmina,
370 943 461 979 quae
482 928 603 973 vultis,
623 929 858 980 cognoscite3
879 929 1035 965 carmina
1053 929 1168 974 vobis,

169 996 274 1033 Huic
295 996 392 1033 aliud
411 996 584 1033 mercedis
604 997 684 1032 erit.
743 996 857 1033 Simul
873 996 1001 1045 incipit
1019 996 1106 1046 ipse.

169 1063 269 1100 Tum
290 1078 373 1100 vero
393 1064 427 1099 in
447 1077 634 1100 numerum
655 1062 854 1112 faunosque
874 1062 1037 1113 ferasque
1059 1064 1192 1101 videres

169 1129 318 1167 Ludere
336 1145 346 1174 ;
377 1139 455 1167 tum
475 1129 609 1179 rigidas
629 1139 766 1166 motare
785 1130 970 1166 cacumina
990 1144 1157 1179 quercus.

169 1195 250 1233 Nec
270 1204 413 1232 tantum
433 1195 584 1232 Phoebo
605 1195 741 1245 gaudet
763 1196 930 1232 Parnasia
949 1209 1055 1244 rupes
1073 1212 1083 1240 ;

169 1263 249 1300 Nec
270 1272 412 1299 tantum
435 1262 619 1311 Rhodope
639 1263 814 1298 mirantur
832 1271 868 1298 et
887 1252 1219 1312 Ismarns'Orphea.

223 1328 390 1378 Namque
412 1328 577 1370 canebat,
598 1328 652 1364 uti
673 1342 843 1379 magnum
864 1342 928 1377 per
947 1328 1047 1365 inane
1067 1338 1197 1366 coacta

172 1394 316 1432 Semina
334 1403 583 1445 terrarumque
603 1395 809 1444 animaeque
838 1394 1014 1444 marisque
1033 1394 1197 1441 fuissent,

172 1461 225 1498 Et
244 1461 371 1511 liquidi
390 1460 494 1497 simul
514 1460 607 1511 ignis
625 1476 636 1505 ;
666 1470 706 1497 ut
726 1462 781 1497 his
800 1461 947 1498 exordia
967 1461 1089 1511 primis

172 1527 318 1571 Omnia,
349 1536 386 1564 et
404 1528 479 1577 ipse
497 1537 598 1564 tener
616 1528 739 1564 mundi
759 1529 980 1572 concreverit
999 1529 1095 1565 orbis
1111 1545 1122 1574 ;

171 1595 272 1632 Turn
291 1595 419 1631 durare
440 1594 568 1638 solum,
587 1602 624 1631 et
643 1594 843 1631 discludere
866 1595 983 1632 Nerea
1002 1605 1117 1645 ponto

172 1661 361 1710 Coeperit,
389 1669 427 1697 et
446 1674 563 1696 rerum
582 1659 769 1709 paullatim
790 1674 926 1697 sumere
947 1661 1104 1707 formas;

169 1727 323 1776 Jamque
342 1740 474 1763 novum
493 1735 608 1763 terrae
628 1736 795 1776 stupeant
815 1728 992 1765 lucescere
1013 1729 1137 1773 solem,

172 1792 302 1830 Altius
321 1801 430 1841 atque
450 1792 579 1828 cadant
598 1793 774 1829 submotis
796 1793 950 1830 nubibus
969 1794 1125 1839 imbres;

173 1858 356 1908 Incipiant
375 1857 481 1895 silvae
500 1873 612 1908 quum
634 1861 787 1908 primum
808 1873 966 1910 surgere,
995 1874 1181 1910 quumque

173 1926 272 1963 Rara
291 1940 354 1975 per
371 1926 518 1976 ignotos
537 1936 654 1962 errent
674 1926 836 1962 animalia
856 1927 1000 1963 montis.

172 1992 275 2031 Hinc
294 1992 429 2042 lapides
451 1993 749 2043 Pyrrhaejactos,
782 1994 948 2030 Saturnia
968 2009 1090 2045 regna,

173 2060 436 2109 Caucasiasque
457 2059 567 2096 refert
586 2059 760 2103 volucres,
781 2059 990 2110 furtumque
1007 2061 1224 2101 Promethei.

174 2126 248 2163 His
268 2126 448 2178 adjungit,
479 2126 609 2176 Hylan
629 2135 756 2163 nautae
777 2141 851 2176 quo
871 2126 973 2163 fonte
994 2127 1160 2164 relictum

174 2192 412 2242 =(Jamatssent,
432 2204 474 2232 ut
490 2193 608 2238 littus,
628 2192 757 2244 Hyla!
783 2193 912 2244 Hyla!
936 2208 1041 2231 omne
1058 2204 1223 2242 sonaret3
