1493 2605
177 306 209 330 v.
226 282 316 330 433.
504 276 804 328 AENEIDOS
861 290 895 327 1.
1144 295 1225 330 135

176 402 336 452 Stipant,
354 409 390 438 et
411 400 507 438 dulci
526 400 735 439 distendunt
754 409 897 438 nectare
924 395 1031 438 cellas
1046 417 1057 446 ;

171 469 258 507 Aut
276 481 384 506 onera
401 467 583 518 'accipiunt
602 466 819 512 venientum,
837 476 913 511 aut,
931 467 1072 518 agmine
1092 468 1207 515 facto„

173 535 351 586 Ignavum
371 535 476 573 fucos
495 548 605 584 pecus
624 547 644 571 a
662 534 892 584 praesepibus
911 545 1033 573 arcent
1051 551 1062 574 z

172 602 301 640 Fervet
320 616 424 654 opus,
452 600 687 651 redolentque
706 601 835 651 thymo
854 600 1048 652 fragrantia
1069 603 1195 641 mella,-

171 669 207 706 O
228 668 427 706 fortunati!
461 680 615 718 quorum
629 670 702 719 jam
727 667 867 705 moenia
887 678 1055 718 surgunt,

168 735 316 772 Aeneas
335 736 398 779 ait,
426 745 462 772 et
483 734 626 786 fastigia
646 734 795 784 suspicit
816 734 927 772 urbis.

169 800 287 838 Infert
307 814 342 837 se
359 810 484 850 septus
505 800 648 844 nebula,
669 799 832 837 mirabile
853 800 956 838 dictu
974 803 982 839 !

167 868 238 906 Per
256 868 405 912 medios,
424 867 622 918 miscetque
642 867 722 904 viris
737 883 749 913 ;
777 881 893 917 neque
913 868 1073 905 cernitur
1090 869 1166 908 ulli.

220 934 349 972 Lucus
367 934 401 971 in
423 934 510 971 urbe
529 933 600 971 fuit
620 934 748 978 media,
769 933 980 971 laetissimus
1000 936 1159 982 umbrae,

166 1003 254 1051 Quo
274 1002 443 1051 primum,
466 1000 594 1053 jactati
614 1000 716 1037 undis
735 1010 772 1037 et
791 1000 948 1046 turbine,
977 1002 1091 1040 Poeni

165 1067 338 1105 Effodere
357 1068 438 1105 loco
459 1068 617 1119 signum,
646 1067 746 1117 quod
765 1067 864 1118 regia
882 1068 980 1106 Juno

163 1134 403 1178 Monstrarat,
432 1143 544 1184 caput
561 1133 651 1171 acris
669 1133 779 1183 equi;
809 1134 859 1170 sic
880 1147 962 1170 nam
990 1133 1067 1172 fore
1086 1135 1183 1174 bello

162 1200 375 1251 Egregiam‚
403 1209 440 1238 et
459 1199 600 1237 facilem
620 1201 717 1237 victu
737 1214 803 1250 per
821 1199 972 1244 saecula,
993 1210 1154 1252 gentem³

161 1267 240 1304 Hic
260 1266 436 1316 ternplum
454 1267 589 1305 Junoni
607 1267 735 1318 ingens
758 1266 907 1304 Sidonia
926 1266 1031 1303 Dido

159 1333 363 1378 Condebat,
392 1333 495 1370 donis
513 1333 726 1383 opulentum
745 1342 782 1370 et
797 1333 940 1370 numine
960 1334 1085 1373 divae:

158 1402 283 1439 Aerea
301 1401 359 1438 cui
380 1401 553 1452 gradibus
574 1401 771 1451 surgebant
789 1399 925 1444 limina,
954 1415 1140 1452 nexaeque
1185 1448 1192 1453 s

157 1470 259 1507 Aere
278 1469 398 1505 trabes
416 1483 428 1512 ς
455 1467 594 1504 foribus
613 1467 722 1504 cardo
742 1467 918 1504 stridebat
937 1467 1046 1504 aenis.

159 1535 249 1572 Hoc
265 1536 423 1585 primum
442 1534 477 1570 in
497 1533 580 1570 luco
609 1546 699 1570 nova
718 1546 773 1570 res
793 1532 916 1570 oblata
934 1533 1100 1575 timorem

157 1602 284 1640 Leniit
301 1617 310 1639 :
341 1600 400 1638 h'ic
420 1600 576 1650 primum
596 1599 743 1636 Aeneas
763 1612 904 1648 sperare
924 1599 1074 1637 salutem

155 1672 298 1714 Ausus,
326 1677 362 1706 et
381 1666 521 1705 afflictis
540 1665 665 1702 melius
693 1665 873 1703 confidere
893 1667 1010 1704 rebus.

156 1736 339 1785 Namque,
368 1734 434 1771 sub
454 1732 594 1784 ingenti
612 1731 742 1768 lustrat
758 1732 844 1768 dum
864 1732 1004 1783 singula
1023 1734 1175 1783 templo,

156 1801 336 1852 Reginam
355 1799 560 1850 opperiens,
588 1799 687 1842 dum,
715 1811 807 1847 quae
822 1797 968 1834 fortuna
987 1799 1034 1836 sit
1053 1800 1148 1844 urbi,

152 1868 426 1917 Artificumque
446 1878 570 1902 manus
597 1865 691 1902 inter
710 1878 758 1908 se,
786 1878 1010 1915 operumque
1027 1865 1200 1910 laborem,

152 1935 324 1978 Eliratun
353 1933 451 1970 videt
472 1932 599 1969 Iliacas
617 1945 660 1968 ex
692 1931 814 1968 ordine
835 1945 988 1981 pugnas,

153 2000 340 2050 Bellaque,
355 2002 429 2051 jam
447 1999 540 2036 fama
559 2008 678 2036 totum
696 1997 843 2049 volgata
858 2012 923 2048 per
941 1999 1078 2043 orbem,

152 2066 598 2116 Atridas‚Pria'mumque,
610 2075 647 2102 et
660 2078 802 2102 saevum
816 2065 991 2102 ambobus
998 2064 1196 2104 Achillem,

151 2133 344 2178 Constitit;
358 2132 615 2177 et‚lacrimans,
624 2132 797 2183 Quisjam
809 2131 1060 2181 locus‚inquit‚
1069 2131 1198 2169 Acha‘-

151 2199 256 2248 Q'uae
276 2199 376 2250 regio
395 2200 430 2237 in
450 2199 552 2237 terris
572 2199 685 2238 nostri
704 2212 774 2236 non
792 2198 896 2250 plena
911 2197 1044 2236 laboris
1058 2199 1078 2237 3-
1115 2197 1195 2249 ste,
