1493 2605
244 333 322 371 218
545 322 852 373 ‘Amlzmos
911 333 984 371 1v.
1163 348 1196 373 v.
1210 336 1302 374 439.

247 445 429 488 Fletibus,
459 458 565 483 voces
585 455 648 483 aut
670 445 759 483 ullas
779 445 982 483 tractabilis
1001 445 1128 484 audit:

247 512 337 550 Fata
357 513 519 556 obstant,
548 512 781 562 placidasque
802 512 866 549 viri
885 512 973 549 deus
991 513 1150 550 obstruit
1165 513 1273 552 auris.

243 581 324 623 Ac,
347 581 459 623 velut,
478 593 613 617 annoso
635 579 788 617 validam
809 593 925 630 quum
944 580 1075 618 robore
1095 595 1272 632 quercum

242 649 376 700 Alpini
400 649 553 693 Boreae,
582 661 677 685 nunc
698 647 797 692 hinc,
827 661 922 685 nunc
944 648 1092 686 flatibus
1111 649 1207 688 illinc

244 717 385 754 Eruere
405 716 498 753 inter
517 730 554 753 se
574 724 744 760 certant;
774 714 803 752 it
824 715 972 760 stridor,
991 725 1028 754 et
1047 715 1120 754 alte

242 785 492 823 consternunt
514 792 647 820 terram
668 796 847 820 concusso
867 782 993 833 stipite
1015 782 1192 830 f1·0ndes;

240 851 327 901 Ipsa
347 850 471 887 haeret
493 849 650 899 scopulis
668 864 679 894 ;
708 858 760 893 et,
781 858 956 899 quantum
977 851 1113 888 vertice
1132 850 1178 888 ad
1197 862 1299 889 auras

239 918 454 962 Aetherias,
483 925 626 954 tantum
647 916 766 953 radice
785 916 820 952 in
841 916 999 954 Tartara
1017 918 1161 956 tendit:

238 986 356 1025 Haud
378 998 480 1022 secus
496 983 644 1021 assiduis
660 983 758 1027 hinc,
779 992 890 1034 atque
907 983 1005 1029 hinc,
1026 985 1176 1023 vocibus
1190 985 1297 1025 heros

236 1052 441 1096 Tunditur‚
461 1060 498 1089 et
520 1064 654 1103 magno
675 1050 850 1101 persentit
871 1061 1022 1101 pectore
1041 1065 1160 1090 curas.

236 1119 346 1157 Mens
366 1118 516 1155 immota
536 1126 655 1156 manet
674 1133 684 1155 ε
716 1117 884 1155 lacrimae
906 1118 1101 1156 volvuntur
1119 1119 1254 1158 inanes.

288 1187 391 1225 Tum
413 1200 496 1223 vero
517 1183 656 1229 infelix,
684 1183 770 1222 fatis
788 1185 977 1230 exterrita,
998 1186 1104 1224 Dido

234 1255 400 1294 Mortem
420 1262 501 1291 orat
519 1268 529 1298 ;
559 1252 683 1290 taedet
703 1251 797 1290 coeli
816 1266 980 1290 convexa
998 1255 1106 1292 tueri.

231 1324 321 1373 Quo
342 1320 457 1372 magis
476 1319 664 1369 inceptum
683 1327 851 1371 peragat,
880 1319 1072 1371 lucemque
1096 1319 1292 1372 relinquat,

232 1389 353 1432 Vidit,
374 1387 578 1425 turicremis
599 1400 712 1436 quum
732 1387 828 1423 dona
847 1386 1050 1436 imponeret
1069 1387 1153 1432 aris,

231 1454 474 1494 Horrendum
494 1453 621 1491 dictu!
654 1452 781 1490 latices
801 1453 1003 1505 nigrescere
1021 1467 1156 1499 sacrOS,

231 1523 404 1572 Fusaque
423 1521 458 1557 in
479 1521 677 1558 obscenum
693 1534 729 1557 se
744 1530 882 1558 vertere
902 1520 983 1557 vina
1002 1534 1181 1559 cruorem.

230 1590 323 1628 Hoc
344 1589 459 1625 visum
480 1586 582 1631 nulli,
601 1601 673 1624 non
694 1587 763 1637 ipsi
782 1586 893 1624 effata
913 1587 1041 1624 sorori.

229 1659 436 1699 Praeterea,
465 1653 534 1691 fuit
555 1654 591 1690 in
611 1654 720 1692 tectis
740 1654 786 1692 de
805 1667 983 1691 marmore
1001 1653 1181 1704 templum

229 1722 410 1775 Conjugis
430 1720 586 1771 antiqui,
606 1720 697 1757 miro
717 1721 819 1771 quod
837 1721 975 1758 honore
994 1721 1154 1767 colebat,

227 1791 435 1832 Velleribus
455 1788 565 1826 niveis
592 1797 630 1826 et
650 1788 743 1826 festa
763 1788 891 1827 fronde
910 1789 1136 1828 revinctum:

227 1859 332 1900 Hinc
351 1856 515 1896 exaudiri
535 1868 642 1893 voces
669 1864 706 1893 et
727 1855 839 1893 verba
867 1855 1030 1893 vocantis

226 1928 318 1965 Visa
336 1924 416 1969 viri,
444 1936 517 1960 nox
538 1937 651 1974 quum
671 1932 785 1960 terras
805 1923 960 1960 obscura
979 1931 1118 1961 teneret
1135 1918 1155 1970 ;'

229 1993 390 2042 Solaque
410 1989 628 2027 culminibus
647 1988 748 2026 ferali
767 1989 924 2027 carmine
944 1991 1046 2028 bubo

229 2062 346 2111 Saepe
366 2057 483 2109 queri,
511 2065 548 2094 et
568 2056 695 2108 longas
714 2056 750 2092 in
770 2056 898 2094 fletum
917 2057 1048 2095 ducere
1068 2070 1174 2095 voces
1191 2074 1202 2095 :

226 2127 423 2176 Multaque
443 2133 630 2175 praeterea
648 2133 772 2160 vatum
791 2123 980 2174 praedicta
999 2124 1142 2177 piorum

225 2192 401 2235 Terribili
420 2191 562 2228 monitu
581 2190 791 2228 horrificant
809 2205 818 2229 :
848 2191 926 2242 agit
946 2191 1022 2241 ipse
1041 2191 1224 2231 furentem-

227 2264 274 2302 In
294 2259 425 2301 somnis
444 2257 541 2297 ferus
560 2258 737 2306 Aeneas;
770 2272 984 2311 semperque
1003 2258 1155 2311 relinqui
