1493 2605
179 338 215 362 ν.
234 328 322 365 719.
497 324 798 363 AENEIDOS
854 324 912 363 11.
1151 328 1227 368 173

178 434 396 473 Attrectare
415 434 527 481 nefas,
547 436 662 474 donec
684 450 740 474 me
761 435 907 473 flumine
927 434 1008 472 vivo

177 503 363 540 Abluero.

178 568 285 608 Haec
304 569 414 612 fatus,
434 568 527 606 latos
547 569 727 612 humeros,
757 569 993 621 subjectaque
1013 568 1121 614 colla,

175 634 290 672 Veste
309 649 417 685 super
437 634 597 685 fulvique
618 636 796 672 insternor
815 635 906 685 pelle
927 635 1038 672 leonis
1054 652 1065 681 ;

176 697 417 751 Succedoque
435 702 557 738 oneri:
589 702 737 738 dextrae
758 715 792 738 se
813 715 942 751 parvus
964 702 1066 738 iulus

174 766 377 816 Implicuit,
398 768 632 818 sequiturque
654 779 793 817 patrem
811 782 880 804 non
902 769 1065 818 passibus
1079 767 1221 818 aequis:

173 832 274 871 Pone
294 834 391 870 subit
412 837 581 885 conjunx.
614 835 778 871 Ferimur
797 848 862 884 per
880 848 994 884 opaca
1013 834 1175 871 locorum
1193 850 1206 880 ;

172 899 226 937 Et
246 914 314 944 me,
336 914 442 950 quein
462 901 598 937 dudum
616 915 686 937 non
708 900 779 937 ulla
799 901 929 951 injecta
949 901 1143 938 movebant

170 965 278 1010 Tela,
308 980 424 1016 neque
443 967 590 1003 adverso
611 966 802 1018 glomerati
821 981 865 1004 ex
887 968 1028 1018 agmine
1049 967 1170 1012 Graii,

168 1032 279 1071 Nunc
299 1047 421 1070 omues
441 1043 576 1070 terrent
597 1047 715 1077 aurae,
737 1048 845 1070 sonus
865 1034 1002 1071 excitat
1023 1035 1153 1078 omnis,

170 1098 406 1149 Suspensum,
422 1109 457 1137 et
474 1100 610 1150 pariter
624 1101 822 1150 comitique
835 1101 1006 1150 onerique
1018 1101 1220 1138 timentem.

218 1166 372 1216 Jamque
387 1167 674 1216 propinquabam
689 1167 818 1216 portis,
838 1180 1054 1216 omnemque
1074 1166 1221 1204 videbar

165 1231 332 1270 Evasisse
353 1233 469 1271 viam:
500 1233 620 1270 subito
643 1247 755 1283 quum
776 1233 903 1270 creber
923 1232 968 1268 ad
987 1232 1082 1269 auris

163 1299 274 1336 Visus
289 1299 550 1349 adessepedum
563 1300 716 1342 sonitus;
731 1299 964 1351 genitorque,
977 1312 1042 1349 per
1054 1299 1219 1336 umbram

163 1364 405 1415 ProspicienS,
416 1366 525 1409 Nate,
538 1365 840 1417 exclamat,fuge,
849 1376 945 1409 nate;
955 1366 1216 1416 propinquant:

160 1431 344 1469 Ardentis
364 1431 500 1482 clipeos
520 1442 629 1482 atque
650 1445 731 1469 aera
750 1433 918 1469 micantia
935 1446 1055 1469 cerno.
1072 1440 1079 1442 ’

214 1497 294 1536 Hic
307 1498 393 1536 mihi
406 1499 525 1536 nescio
539 1499 638 1549 quod
649 1500 794 1549 trepido
809 1499 899 1536 male
913 1512 1042 1536 numen
1060 1498 1218 1536 amicum

158 1563 358 1603 Confusam
377 1566 509 1617 eripuit
530 1575 698 1603 mentem.
757 1566 938 1615 Namque,
960 1566 1036 1601 avia
1055 1578 1163 1602 cursu

159 1630 267 1669 Dum
287 1644 432 1681 sequor,
452 1640 489 1669 et
509 1641 595 1669 nota
614 1633 752 1669 excedo
773 1633 920 1684 regione
941 1632 1091 1676 viarum,

159 1697 251 1735 Heu
271 1700 278 1735 !
302 1697 429 1734 misero
449 1700 606 1749 conjunx
627 1700 750 1736 fatone
765 1708 890 1748 erepta
911 1698 1053 1736 Creiisa

159 1763 348 1808 Substitit,
367 1764 542 1802 erravitne
563 1765 629 1810 via,
663 1780 723 1803 seu
744 1765 835 1802 lassa
855 1765 999 1807 resedit,

157 1831 344 1868 Incertum
362 1846 371 1868 :
402 1845 467 1868 nec
489 1840 573 1881 post
593 1831 708 1869 ocu'iis
722 1842 777 1869 est
797 1831 937 1868 reddita
959 1830 1105 1870 nostris.

155 1895 237 1934 Nec
258 1896 357 1947 prius
377 1897 541 1934 amissam
562 1899 716 1949 respexi,
738 1898 940 1935 animumve
965 1897 1104 1941 reflexi,

155 1964 278 2013 Quam
290 1963 471 2000 tumulum
485 1964 652 2015 antiquae
666 1965 805 2004 Cereris
819 1965 1012 2014 sedemque
1032 1973 1210 2004 sacratam

152 2029 330 2067 Venimus
347 2045 357 2067 ι
379 2030 436 2067 hic
450 2031 596 2067 d3mum
615 2031 780 2069 collectis
793 2032 960 2069 omnibus
982 2045 1050 2068 una

151 2095 313 2141 Defuit;
340 2106 377 2133 et
397 2097 561 2141 comites,
581 2107 790 2148 natumque,
812 2112 1012 2148 virumque,
1034 2097 1178 2136 fefellit.

153 2165 275 2213 Quem
289 2177 360 2200 non
374 2164 532 2201 incusavi
548 2179 668 2202 amens
689 2165 948 2215 hominumque
964 2165 1208 2214 deorumque?

153 2230 240 2268 Aut
261 2230 349 2281 quid
369 2230 403 2267 in
423 2245 544 2268 eversa
563 2232 636 2268 vidi
655 2231 835 2269 crudelius
857 2232 943 2268 urbe
962 2232 975 2269 ?
1113 2234 1205 2281 [tes.

152 2297 368 2344 Ascanium,
384 2299 647 2351 Anchisenque
662 2309 817 2352 patrem,
836 2301 1078 2350 Teucrosque
1090 2300 1205 2338 Pena-
