1493 2605
139 292 173 314 v„
191 279 254 318 ss5.
417 274 761 313 GEORGICON
822 276 893 313 IV,
1115 281 1181 315 101

146 387 200 426 Et
220 386 313 424 circa
332 399 468 437 regem,
488 394 597 436 atque
616 386 692 436 ipsa
712 386 756 422 ad
776 374 969 435 praetoria,
990 388 1120 426 densae

139 453 357 497 Miscentur,
370 452 580 504 magnisque
595 462 725 489 vocant
746 452 961 490 clamoribus
981 453 1193 491 hostem.—

143 520 263 572 Ergo‚
284 520 360 564 ubi,
380 533 440 557 ver
460 528 586 556 nactae
606 519 734 556 sudum
754 533 974 570 camposque
996 521 1165 570 patentis,

148 586 359 636 Erumpunt
378 586 505 636 portis,
534 585 762 622 concurritur
778 601 788 630 ;
810 586 952 623 aethere
970 586 1005 622 in
1025 587 1099 624 alto

143 652 205 690 Fit
225 651 362 689 sonitus
377 667 389 697 ;
408 665 579 702 magnum
593 652 727 688 mixtae
742 652 989 703 glomerantur
1002 652 1037 689 in
1053 653 1191 698 orbern,

148 718 441 770 Praecipitesque
460 718 605 755 cadunt.
647 732 717 755 non
738 718 880 755 densior
899 720 979 755 aere
997 719 1152 769 grando,

139 784 222 822 Nee
242 785 287 822 de
305 798 479 822 concussa
497 793 641 822 tantum
660 783 754 834 pluit
774 783 853 821 ilice
873 784 1029 835 glandiS.

140 852 219 901 Ipsi
238 865 304 901 per
322 851 454 889 medias
474 851 583 895 acies,
604 850 806 902 insignibus
831 851 908 896 alis,

140 916 306 969 Ingentis
324 917 458 954 animos
477 926 633 968 angusto
653 918 687 954 in
708 926 857 967 pectore
876 928 1031 962 versant,

140 984 272 1033 Usque
290 983 379 1020 adeo
398 983 522 1020 obnixi
543 997 613 1020 non
632 984 771 1027 cedere,
791 984 877 1020 dum
899 984 1016 1035 gravis
1031 992 1094 1021 aut
1109 984 1189 1029 hos,

141 1050 229 1087 Aut
249 1050 330 1094 hos,
350 1063 448 1087 versa
467 1049 558 1101 fuga
576 1049 693 1087 vietor
715 1050 797 1087 dare
816 1058 920 1101 terga
939 1050 1098 1102 subegit.

141 1115 199 1153 Hi
218 1125 339 1153 rnotus
359 1115 570 1159 animorum,
595 1125 703 1166 atque
722 1116 811 1153 haec
832 1116 1026 1153 certamina
1049 1126 1164 1162 tanta,

139 1182 302 1220 Pulveris
320 1182 444 1234 exigui
459 1184 562 1234 jactu
582 1195 800 1231 compressa,
826 1182 1028 1232 quiescent.

191 1249 346 1293 Verum,
366 1248 427 1286 ubi
447 1250 618 1286 ductores
637 1249 712 1286 acie
727 1249 947 1286 revocaveris
962 1249 1083 1294 ambo,

137 1315 315 1360 Deterior
332 1315 395 1366 qui
415 1316 523 1360 visus,
543 1329 639 1359 eum,
659 1329 703 1352 ne
723 1315 898 1366 prodigus
918 1315 1030 1359 obsit,

137 1382 248 1420 Dede
267 1381 345 1419 neci
362 1397 373 1428 ;
401 1381 528 1419 melior
546 1396 656 1419 vacua
676 1382 752 1419 sine
773 1391 903 1432 regnet
923 1381 956 1418 in
976 1381 1071 1419 aula.

139 1447 254 1486 Alter
271 1449 339 1486 erit
359 1448 504 1487 maculis
525 1462 612 1486 auro
634 1448 880 1499 squalentibus
900 1448 1026 1484 ardens
1044 1463 1055 1493 ;

141 1515 242 1554 Nam
262 1515 336 1552 duo
357 1524 440 1552 sunt
460 1529 592 1566 genera
609 1531 618 1553 :
649 1515 708 1552 hic
729 1514 866 1557 melior,
891 1515 1039 1565 insignis
1057 1523 1094 1552 et
1114 1529 1188 1561 ore,

139 1581 194 1619 Et
213 1580 330 1618 rutilis
350 1580 466 1618 clarus
486 1582 642 1631 squamis
660 1596 669 1619 :
701 1580 761 1617 ille
781 1581 948 1617 horridus
968 1581 1058 1617 alter

138 1649 308 1692 Desidia,
327 1647 510 1698 latamque
530 1647 675 1684 trahens
695 1646 869 1697 inglorius
889 1647 1019 1685 alvum.

140 1716 199 1753 Ut
218 1714 323 1752 binae
342 1728 471 1766 regum
490 1714 612 1757 facies,
640 1713 691 1750 ita
712 1727 865 1763 corpora
885 1713 999 1763 plebis
1016 1729 1026 1751 ε

139 1781 310 1831 Namque
328 1780 415 1818 aliae
439 1791 564 1830 turpes
586 1780 748 1823 horrent,
776 1794 857 1823 ceu,
886 1779 1030 1829 pulvere
1050 1781 1095 1818 ab
1115 1781 1189 1819 alto

139 1848 266 1896 Quum
286 1847 396 1891 venit,
415 1857 453 1885 et
473 1847 569 1884 sicco
589 1855 721 1884 terram
749 1846 848 1896 spuit
867 1860 942 1890 ore,
963 1846 1079 1884 viator

137 1913 280 1952 Aridus
298 1929 309 1958 3
337 1913 484 1951 elucent
503 1913 604 1957 aliae,
623 1922 661 1949 et
681 1912 826 1964 fulgore
848 1923 1052 1957 coruscant,

137 1979 326 2018 Ardentes
346 1994 433 2017 auro
453 1989 489 2017 et
510 1979 656 2030 paribus
676 1978 740 2016 lita
760 1993 915 2029 corpora
932 1981 1062 2031 guttis.

138 2045 247 2083 Haec
268 2047 390 2096 potior
408 2046 550 2084 suboles
568 2062 577 2085 ς
608 2047 691 2084 hinc
712 2045 803 2083 coeli
823 2058 987 2096 tempore
1006 2056 1107 2084 certo

139 2110 276 2154 Dulcia
295 2112 400 2150 mella
418 2128 581 2164 premes;
611 2128 676 2151 nec
696 2123 839 2151 tantum
859 2112 991 2157 dulcia,
1011 2123 1186 2163 quantum

142 2177 196 2215 Et
215 2176 349 2229 liquida
366 2194 378 2226 ;
405 2188 444 2217 et
463 2180 593 2217 durum
615 2178 751 2218 Bacchi
771 2180 953 2217 domitura
971 2193 1144 2231 saporem.
