1493 2605
134 294 167 328 v.
184 282 274 331 *7132
464 277 766 328 AENEiDos
822 278 859 327 1'.
1113 294 1187 330 145

131 401 287 452 Expleri
301 409 459 437 mentem
478 400 617 450 nequit,
646 401 876 451 ardescitque
895 401 1033 439 tuendo

131 468 338 511 Phoenism,
367 475 405 504 et
424 467 560 517 pariter
579 481 692 517 puero
712 468 889 518 donisque
908 479 1085 507 movetur.

131 535 213 579 Ille,
242 534 304 572 ubi
324 533 519 584 complexu
539 534 690 571 Aeneae
709 534 878 585 colloque
897 536 1087 586 pependit,

131 601 375 652 Et-magnum
388 600 475 637 ‘falsi
494 600 657 650 implevit
676 601 851 651 genitoris
867 615 1043 647 amorem,

131 667 312 719 Reginam
332 668 426 717 petit
443 682 452 705 z
482 667 571 704 haec
591 667 720 709 oculis,
750 667 840 706 haec
860 678 1013 719 pectore
1033 677 1117 706 toto

130 734 273 771 Haeret
291 749 302 779 ;
331 743 368 771 et
387 734 569 771 interdum
588 735 728 785 gremio
748 734 864 780 fovet,
893 736 1016 780 inscia,
1037 736 1156 782 Dido,

130 800 269 837 Insidat
289 813 446 850 quantus
475 801 620 838 miserae
640 802 742 838 deus.
800 802 862 839 At
890 815 1027 839 memor
1045 802 1104 839 ille

128 866 263 904 Matris
281 867 489 913 Acidaliae,
518 867 706 917 paullatim
731 867 875 905 abolere
897 868 1105 918 Sychaeum

128 933 280 983 Incipit,
308 944 346 971 et
365 934 445 971 vivo
464 943 583 971 tentat
603 943 830 985 praevertere
849 948 972 973 amore

127 999 209 1036 Jam
228 999 366 1049 pridem
388 1001 522 1038 resides
543 1002 693 1046 animos,
723 1003 944 1052 desuetaque
964 1003 1090 1040 corda.

180 1067 382 1117 Postquam
394 1068 510 1118 prima
525 1068 626 1118 quies
637 1068 994 1119 epulis,>mensaeque
1006 1073 1185 1115 remotaeg

127 1133 295 1171 Crateras
314 1148 465 1185 magnos
485 1144 665 1179 statuunt,
694 1144 731 1172 et
749 1136 829 1172 vina
857 1144 1049 1174 coronant.

128 1201 190 1238 Fit
209 1201 382 1250 strepitus
402 1201 523 1245 tectis,
552 1215 752 1251 vocemque
772 1216 838 1251 per
851 1202 971 1252 ampla
987 1202 1157 1239 volutant

127 1266 240 1303 Atria
258 1282 267 1304 :
299 1268 502 1317 dependent
522 1267 644 1317 lychni
660 1267 888 1318 laquearibus
907 1269 1025 1305 aureis

128 1334 283 1378 Incensi,
311 1343 348 1370 et
367 1342 513 1371 noctem
533 1334 683 1370 flammis
702 1333 838 1371 funalia
857 1335 1020 1372 vincunt.

127 1399 206 1436 Hic
227 1400 351 1450 regina
371 1414 516 1451 gravem
537 1401 688 1451 gemmis
707 1415 866 1451 auroque
885 1401 1059 1451 poposcit
1182 1451 1183 1454 Ἴ

127 1467 370 1517 Implevitque
403 1481 501 1504 mero
522 1476 696 1517 pateram,
726 1482 834 1518 quam
856 1467 967 1505 Belus
995 1476 1034 1505 et
1058 1481 1182 1505 omnes

125 1535 168 1573 A
192 1533 281 1571 Belo
301 1533 411 1572 soliti.
460 1533 562 1571 Turn
583 1533 682 1571 faeta
701 1534 840 1572 silentia
859 1534 979 1572 tectis.

126 1601 283 1651 Jupiter,
311 1600 516 1650 hospitibus
536 1614 617 1636 nam
637 1609 673 1637 te
693 1602 778 1638 dare
792 1603 875 1652 jura
894 1601 1110 1651 loquuntur,

127 1667 244 1704 Hunc
263 1667 397 1704 laetum
418 1667 617 1717 Tyriisque
637 1668 746 1713 diem,
774 1668 963 1719 Trojaque
987 1667 1179 1717 profectis,

127 1735 220 1773 Esse
241 1734 340 1778 velis,
370 1742 585 1784 nostrosque
613 1735 720 1785 hujus
740 1734 940 1771 meminisse
960 1734 1126 1773 minores.

127 1801 246 1838 Adsit
264 1800 421 1837 laetitiae
443 1800 611 1838 Bacchus
631 1801 751 1844 dator,
779 1809 815 1836 et
834 1800 931 1837 bona
949 1801 1070 1838 Juno:

127 1867 182 1904 Et
201 1881 276 1911 vos,
304 1882 339 1912 o,
359 1876 519 1910 coetum,
549 1866 684 1916 Tyrii!
718 1866 898 1903 celebrate
924 1865 1098 1904 faventes,

179 1934 305 1979 Dixit,
332 1943 369 1971 et
388 1935 424 1970 in
444 1947 600 1970 mensam
620 1933 768 1970 laticum
787 1933 913 1970 libavit
937 1933 1125 1978 honorem,

127 1991 333 2050 Primaque,
361 2000 489 2044 libato,
515 2014 652 2037 summo
673 2009 777 2037 tenus
798 2000 924 2050 attigit
943 2014 1018 2037 ore.

127 2067 229 2104 Tum
250 2068 367 2105 Bitiae
387 2068 488 2104 dedit
509 2067 739 2117 increpitans.
797 2066 864 2104 Ille
884 2066 1040 2117 impiger
1058 2066 1178 2105 hausit

129 2135 368 2184 Spumantem
387 2144 562 2185 pateram,
592 2144 629 2171 et
649 2134 757 2185 pleno
774 2147 810 2171 se
830 2132 968 2183 proluit
986 2147 1072 2171 auro
1087 2149 1099 2172 :

128 2201 219 2239 Post
238 2201 296 2237 alii
316 2216 494 2252 proceres.
551 2202 702 2243 Cithara
721 2201 872 2240 crinitus
893 2200 1002 2251 Iopas

180 2269 244 2307 To
254 2283 297 2309 Μ.
329 2270 363 2309 Ι.
686 2268 725 2306 Τ
