<?xml version="1.0" encoding="UTF-8"?>
<!DOCTYPE html PUBLIC "-//W3C//DTD XHTML 1.0 Transitional//EN"
    "http://www.w3.org/TR/xhtml1/DTD/xhtml1-transitional.dtd">
<html xmlns="http://www.w3.org/1999/xhtml" xml:lang="en" lang="en">
 <head>
  <title>
</title>
<meta http-equiv="Content-Type" content="text/html;charset=utf-8" />
  <meta name='ocr-system' content='tesseract 3.04.00' />
  <meta name='ocr-capabilities' content='ocr_page ocr_carea ocr_par ocr_line ocrx_word'/>
</head>
<body>
  <div class='ocr_page' id='page_1' title='image "./operahun01virguoft_0158.png"; bbox 0 0 1493 2605; ppageno 0'>
   <div class='ocr_carea' id='block_1_1' title="bbox 266 271 1304 338">
    <p class='ocr_par' dir='ltr' id='par_1_1' title="bbox 266 271 1304 338">
     <span class='ocr_line' id='line_1_1' title="bbox 266 271 1304 338; baseline 0.008 -9"><span class='ocrx_word' id='word_1_1' title='bbox 266 293 341 330; x_wconf 80' lang='lat'><strong>132</strong></span> <span class='ocrx_word' id='word_1_2' title='bbox 487 327 497 332; x_wconf 83' lang='grc'><strong>-</strong></span> <span class='ocrx_word' id='word_1_3' title='bbox 580 271 878 335; x_wconf 72' lang='lat' dir='ltr'><strong>AENmDos</strong></span> <span class='ocrx_word' id='word_1_4' title='bbox 935 296 968 334; x_wconf 93' lang='lat'><strong>1.</strong></span> <span class='ocrx_word' id='word_1_5' title='bbox 1166 311 1198 337; x_wconf 72' lang='lat' dir='ltr'><strong>v.</strong></span> <span class='ocrx_word' id='word_1_6' title='bbox 1217 298 1304 338; x_wconf 69' lang='lat'><strong>849.</strong></span> 
     </span>
    </p>
   </div>
   <div class='ocr_carea' id='block_1_2' title="bbox 255 401 1280 2263">
    <p class='ocr_par' dir='ltr' id='par_1_2' title="bbox 262 401 1132 457">
     <span class='ocr_line' id='line_1_2' title="bbox 262 401 1132 457; baseline 0.008 -17"><span class='ocrx_word' id='word_1_7' title='bbox 262 401 403 455; x_wconf 80' lang='lat' dir='ltr'><strong>Impius</strong></span> <span class='ocrx_word' id='word_1_8' title='bbox 421 413 501 442; x_wconf 85' lang='lat' dir='ltr'><strong>ante</strong></span> <span class='ocrx_word' id='word_1_9' title='bbox 521 419 610 450; x_wconf 84' lang='lat' dir='ltr'><strong>aras,</strong></span> <span class='ocrx_word' id='word_1_10' title='bbox 631 415 740 457; x_wconf 87' lang='lat' dir='ltr'><strong>atque</strong></span> <span class='ocrx_word' id='word_1_11' title='bbox 759 408 834 444; x_wconf 86' lang='lat' dir='ltr'><strong>auri</strong></span> <span class='ocrx_word' id='word_1_12' title='bbox 853 421 981 446; x_wconf 79' lang='lat' dir='ltr'><strong>caecus</strong></span> <span class='ocrx_word' id='word_1_13' title='bbox 1000 422 1132 454; x_wconf 86' lang='lat' dir='ltr'><strong>amore,</strong></span> 
     </span>
    </p>

    <p class='ocr_par' dir='ltr' id='par_1_3' title="bbox 258 470 1214 856">
     <span class='ocr_line' id='line_1_3' title="bbox 259 470 1199 524; baseline 0.005 -14"><span class='ocrx_word' id='word_1_14' title='bbox 259 470 364 510; x_wconf 85' lang='lat' dir='ltr'><strong>Clam</strong></span> <span class='ocrx_word' id='word_1_15' title='bbox 384 471 478 509; x_wconf 89' lang='lat' dir='ltr'><strong>ferro</strong></span> <span class='ocrx_word' id='word_1_16' title='bbox 498 473 680 510; x_wconf 85' lang='lat' dir='ltr'><strong>incautum</strong></span> <span class='ocrx_word' id='word_1_17' title='bbox 700 485 859 524; x_wconf 87' lang='lat' dir='ltr'><strong>superat,</strong></span> <span class='ocrx_word' id='word_1_18' title='bbox 875 488 1019 514; x_wconf 79' lang='lat' dir='ltr'><strong>securus</strong></span> <span class='ocrx_word' id='word_1_19' title='bbox 1037 489 1199 515; x_wconf 87' lang='lat' dir='ltr'><strong>amorum</strong></span> 
     </span>
     <span class='ocr_line' id='line_1_4' title="bbox 259 537 1200 595; baseline 0.009 -22"><span class='ocrx_word' id='word_1_20' title='bbox 259 537 463 576; x_wconf 78' lang='lat' dir='ltr'>Germanae</span> <span class='ocrx_word' id='word_1_21' title='bbox 481 554 491 582; x_wconf 89' lang='grc'>;</span> <span class='ocrx_word' id='word_1_22' title='bbox 521 538 730 590; x_wconf 87' lang='lat' dir='ltr'><strong>factumque</strong></span> <span class='ocrx_word' id='word_1_23' title='bbox 747 540 808 577; x_wconf 88' lang='lat' dir='ltr'><strong>diu</strong></span> <span class='ocrx_word' id='word_1_24' title='bbox 828 540 968 586; x_wconf 80' lang='lat' dir='ltr'><strong>celavit,</strong></span> <span class='ocrx_word' id='word_1_25' title='bbox 987 551 1024 580; x_wconf 87' lang='lat' dir='ltr'><strong>et</strong></span> <span class='ocrx_word' id='word_1_26' title='bbox 1043 557 1200 595; x_wconf 80' lang='lat' dir='ltr'>aegram,</span> 
     </span>
     <span class='ocr_line' id='line_1_5' title="bbox 261 602 1214 663; baseline 0.008 -24"><span class='ocrx_word' id='word_1_27' title='bbox 261 602 385 640; x_wconf 82' lang='lat' dir='ltr'><strong>Multa</strong></span> <span class='ocrx_word' id='word_1_28' title='bbox 405 604 516 641; x_wconf 91' lang='lat' dir='ltr'><strong>malus</strong></span> <span class='ocrx_word' id='word_1_29' title='bbox 532 605 712 650; x_wconf 82' lang='lat' dir='ltr'>simulans,</span> <span class='ocrx_word' id='word_1_30' title='bbox 732 621 818 644; x_wconf 85' lang='lat' dir='ltr'><strong>vana</strong></span> <span class='ocrx_word' id='word_1_31' title='bbox 838 622 900 658; x_wconf 85' lang='lat' dir='ltr'><strong>spe</strong></span> <span class='ocrx_word' id='word_1_32' title='bbox 919 606 1004 646; x_wconf 85' lang='lat' dir='ltr'><strong>lusit</strong></span> <span class='ocrx_word' id='word_1_33' title='bbox 1023 619 1214 663; x_wconf 82' lang='lat' dir='ltr'><strong>amantem.</strong></span> 
     </span>
     <span class='ocr_line' id='line_1_6' title="bbox 262 664 1173 727; baseline 0.009 -22"><span class='ocrx_word' id='word_1_34' title='bbox 262 669 346 719; x_wconf 84' lang='lat' dir='ltr'><strong>Ipsa</strong></span> <span class='ocrx_word' id='word_1_35' title='bbox 365 670 426 707; x_wconf 91' lang='lat' dir='ltr'><strong>sed</strong></span> <span class='ocrx_word' id='word_1_36' title='bbox 446 671 478 707; x_wconf 88' lang='lat' dir='ltr'><strong>in</strong></span> <span class='ocrx_word' id='word_1_37' title='bbox 500 672 630 708; x_wconf 86' lang='lat' dir='ltr'><strong>somnis</strong></span> <span class='ocrx_word' id='word_1_38' title='bbox 649 671 823 710; x_wconf 86' lang='lat' dir='ltr'><strong>inhumati</strong></span> <span class='ocrx_word' id='word_1_39' title='bbox 845 673 938 711; x_wconf 85' lang='lat' dir='ltr'><strong>venit</strong></span> <span class='ocrx_word' id='word_1_40' title='bbox 959 675 1081 727; x_wconf 81' lang='lat' dir='ltr'>imago</span> <span class='ocrx_word' id='word_1_41' title='bbox 1169 664 1173 668; x_wconf 90' lang='lat'>.</span> 
     </span>
     <span class='ocr_line' id='line_1_7' title="bbox 260 735 1165 791; baseline 0.009 -19"><span class='ocrx_word' id='word_1_42' title='bbox 260 735 462 787; x_wconf 88' lang='lat' dir='ltr'><strong>Conjugis:</strong></span> <span class='ocrx_word' id='word_1_43' title='bbox 492 751 554 774; x_wconf 89' lang='lat' dir='ltr'><strong>ora</strong></span> <span class='ocrx_word' id='word_1_44' title='bbox 575 739 689 775; x_wconf 89' lang='lat' dir='ltr'><strong>modis</strong></span> <span class='ocrx_word' id='word_1_45' title='bbox 706 739 877 778; x_wconf 84' lang='lat' dir='ltr'><strong>attollens</strong></span> <span class='ocrx_word' id='word_1_46' title='bbox 905 741 1036 791; x_wconf 87' lang='lat' dir='ltr'><strong>pallida</strong></span> <span class='ocrx_word' id='word_1_47' title='bbox 1056 742 1165 788; x_wconf 89' lang='lat' dir='ltr'><strong>miris,</strong></span> 
     </span>
     <span class='ocr_line' id='line_1_8' title="bbox 258 802 1070 856; baseline 0.007 -17"><span class='ocrx_word' id='word_1_48' title='bbox 258 802 426 840; x_wconf 78' lang='lat' dir='ltr'>Crudelis</span> <span class='ocrx_word' id='word_1_49' title='bbox 444 817 534 848; x_wconf 87' lang='lat' dir='ltr'><strong>aras,</strong></span> <span class='ocrx_word' id='word_1_50' title='bbox 555 807 773 856; x_wconf 85' lang='lat' dir='ltr'><strong>trajectaque</strong></span> <span class='ocrx_word' id='word_1_51' title='bbox 792 816 940 856; x_wconf 86' lang='lat' dir='ltr'><strong>pectora</strong></span> <span class='ocrx_word' id='word_1_52' title='bbox 960 808 1070 853; x_wconf 89' lang='lat' dir='ltr'><strong>ferro,</strong></span> 
     </span>
    </p>

    <p class='ocr_par' dir='ltr' id='par_1_4' title="bbox 256 867 1280 1122">
     <span class='ocr_line' id='line_1_9' title="bbox 259 867 1280 922; baseline 0.008 -17"><span class='ocrx_word' id='word_1_53' title='bbox 259 867 425 907; x_wconf 84' lang='lat' dir='ltr'><strong>Nudavit</strong></span> <span class='ocrx_word' id='word_1_54' title='bbox 443 886 453 915; x_wconf 81' lang='lat'><em>3</em></span> <span class='ocrx_word' id='word_1_55' title='bbox 483 885 702 922; x_wconf 83' lang='lat' dir='ltr'><strong>caecumque</strong></span> <span class='ocrx_word' id='word_1_56' title='bbox 730 874 859 910; x_wconf 90' lang='lat' dir='ltr'><strong>domus</strong></span> <span class='ocrx_word' id='word_1_57' title='bbox 879 874 992 911; x_wconf 88' lang='lat' dir='ltr'><strong>scelus</strong></span> <span class='ocrx_word' id='word_1_58' title='bbox 1011 888 1116 912; x_wconf 86' lang='lat' dir='ltr'><strong>omne</strong></span> <span class='ocrx_word' id='word_1_59' title='bbox 1136 874 1280 914; x_wconf 78' lang='lat' dir='ltr'>retexit.</span> 
     </span>
     <span class='ocr_line' id='line_1_10' title="bbox 259 934 1236 989; baseline 0.006 -16"><span class='ocrx_word' id='word_1_60' title='bbox 259 934 361 973; x_wconf 91' lang='lat' dir='ltr'><strong>Tum</strong></span> <span class='ocrx_word' id='word_1_61' title='bbox 381 936 532 974; x_wconf 90' lang='lat' dir='ltr'><strong>celerare</strong></span> <span class='ocrx_word' id='word_1_62' title='bbox 553 937 676 989; x_wconf 83' lang='lat' dir='ltr'><strong>fugam</strong></span> <span class='ocrx_word' id='word_1_63' title='bbox 697 939 883 988; x_wconf 86' lang='lat' dir='ltr'><strong>patriaque</strong></span> <span class='ocrx_word' id='word_1_64' title='bbox 902 940 1077 978; x_wconf 78' lang='lat' dir='ltr'><strong>excedere</strong></span> <span class='ocrx_word' id='word_1_65' title='bbox 1097 941 1236 987; x_wconf 85' lang='lat' dir='ltr'><strong>suadet,</strong></span> 
     </span>
     <span class='ocr_line' id='line_1_11' title="bbox 256 1002 1100 1053; baseline 0.008 -15"><span class='ocrx_word' id='word_1_66' title='bbox 256 1002 527 1053; x_wconf 85' lang='lat' dir='ltr'><strong>Auxiliumque</strong></span> <span class='ocrx_word' id='word_1_67' title='bbox 546 1004 621 1040; x_wconf 89' lang='lat' dir='ltr'><strong>viae</strong></span> <span class='ocrx_word' id='word_1_68' title='bbox 640 1015 776 1042; x_wconf 89' lang='lat' dir='ltr'><strong>veteres</strong></span> <span class='ocrx_word' id='word_1_69' title='bbox 795 1005 923 1043; x_wconf 86' lang='lat' dir='ltr'><strong>tellure</strong></span> <span class='ocrx_word' id='word_1_70' title='bbox 944 1006 1100 1045; x_wconf 83' lang='lat' dir='ltr'><strong>recludit</strong></span> 
     </span>
     <span class='ocr_line' id='line_1_12' title="bbox 258 1067 1147 1122; baseline 0.007 -18"><span class='ocrx_word' id='word_1_71' title='bbox 258 1067 481 1114; x_wconf 76' lang='lat' dir='ltr'><strong>Thesauros,</strong></span> <span class='ocrx_word' id='word_1_72' title='bbox 497 1070 664 1121; x_wconf 86' lang='lat' dir='ltr'><strong>ignotum</strong></span> <span class='ocrx_word' id='word_1_73' title='bbox 680 1072 820 1122; x_wconf 79' lang='lat' dir='ltr'><strong>argenti</strong></span> <span class='ocrx_word' id='word_1_74' title='bbox 840 1073 983 1122; x_wconf 91' lang='lat' dir='ltr'><strong>pondus</strong></span> <span class='ocrx_word' id='word_1_75' title='bbox 1001 1083 1037 1111; x_wconf 89' lang='lat' dir='ltr'><strong>et</strong></span> <span class='ocrx_word' id='word_1_76' title='bbox 1058 1074 1147 1111; x_wconf 90' lang='lat' dir='ltr'><strong>auri.</strong></span> 
     </span>
    </p>

    <p class='ocr_par' dir='ltr' id='par_1_5' title="bbox 255 1133 1272 1920">
     <span class='ocr_line' id='line_1_13' title="bbox 259 1133 1218 1190; baseline 0.005 -18"><span class='ocrx_word' id='word_1_77' title='bbox 259 1133 335 1172; x_wconf 90' lang='lat' dir='ltr'><strong>His</strong></span> <span class='ocrx_word' id='word_1_78' title='bbox 354 1146 552 1181; x_wconf 90' lang='lat' dir='ltr'><strong>commota,</strong></span> <span class='ocrx_word' id='word_1_79' title='bbox 573 1137 696 1188; x_wconf 83' lang='lat' dir='ltr'><strong>fugam</strong></span> <span class='ocrx_word' id='word_1_80' title='bbox 719 1139 822 1176; x_wconf 86' lang='lat' dir='ltr'><strong>Dido</strong></span> <span class='ocrx_word' id='word_1_81' title='bbox 844 1139 1033 1189; x_wconf 81' lang='lat' dir='ltr'><strong>sociosque</strong></span> <span class='ocrx_word' id='word_1_82' title='bbox 1055 1141 1218 1190; x_wconf 81' lang='lat' dir='ltr'><strong>parabat.</strong></span> 
     </span>
     <span class='ocr_line' id='line_1_14' title="bbox 260 1203 1234 1259; baseline 0.003 -18"><span class='ocrx_word' id='word_1_83' title='bbox 260 1203 506 1248; x_wconf 86' lang='lat' dir='ltr'><strong>Conveniunt,</strong></span> <span class='ocrx_word' id='word_1_84' title='bbox 536 1204 668 1254; x_wconf 83' lang='lat' dir='ltr'><strong>quibus</strong></span> <span class='ocrx_word' id='word_1_85' title='bbox 687 1214 750 1242; x_wconf 84' lang='lat' dir='ltr'><strong>aut</strong></span> <span class='ocrx_word' id='word_1_86' title='bbox 771 1205 891 1243; x_wconf 89' lang='lat' dir='ltr'><strong>odium</strong></span> <span class='ocrx_word' id='word_1_87' title='bbox 913 1207 1059 1243; x_wconf 87' lang='lat' dir='ltr'><strong>crudele</strong></span> <span class='ocrx_word' id='word_1_88' title='bbox 1078 1208 1234 1259; x_wconf 75' lang='lat' dir='ltr'><strong>tyranni,</strong></span> 
     </span>
     <span class='ocr_line' id='line_1_15' title="bbox 257 1269 1253 1323; baseline 0.006 -18"><span class='ocrx_word' id='word_1_89' title='bbox 257 1269 345 1306; x_wconf 86' lang='lat' dir='ltr'><strong>Aut</strong></span> <span class='ocrx_word' id='word_1_90' title='bbox 365 1279 482 1307; x_wconf 88' lang='lat' dir='ltr'><strong>metus</strong></span> <span class='ocrx_word' id='word_1_91' title='bbox 501 1284 583 1307; x_wconf 90' lang='lat' dir='ltr'><strong>acer</strong></span> <span class='ocrx_word' id='word_1_92' title='bbox 601 1280 676 1308; x_wconf 90' lang='lat' dir='ltr'><strong>erat</strong></span> <span class='ocrx_word' id='word_1_93' title='bbox 694 1286 703 1309; x_wconf 90' lang='lat'>:</span> <span class='ocrx_word' id='word_1_94' title='bbox 736 1273 846 1317; x_wconf 84' lang='lat' dir='ltr'><strong>navis,</strong></span> <span class='ocrx_word' id='word_1_95' title='bbox 867 1287 958 1322; x_wconf 88' lang='lat' dir='ltr'><strong>quae</strong></span> <span class='ocrx_word' id='word_1_96' title='bbox 980 1273 1075 1310; x_wconf 76' lang='lat' dir='ltr'><strong>forte</strong></span> <span class='ocrx_word' id='word_1_97' title='bbox 1096 1283 1253 1323; x_wconf 86' lang='lat' dir='ltr'><strong>paratae,</strong></span> 
     </span>
     <span class='ocr_line' id='line_1_16' title="bbox 257 1336 1218 1387; baseline 0.003 -14"><span class='ocrx_word' id='word_1_98' title='bbox 257 1336 487 1386; x_wconf 86' lang='lat' dir='ltr'><strong>Corripiunt‚</strong></span> <span class='ocrx_word' id='word_1_99' title='bbox 506 1346 727 1387; x_wconf 81' lang='lat' dir='ltr'><strong>onerantque</strong></span> <span class='ocrx_word' id='word_1_100' title='bbox 746 1351 846 1375; x_wconf 87' lang='lat' dir='ltr'><strong>auro.</strong></span> <span class='ocrx_word' id='word_1_101' title='bbox 906 1339 1103 1376; x_wconf 84' lang='lat' dir='ltr'><strong>Portantur</strong></span> <span class='ocrx_word' id='word_1_102' title='bbox 1125 1341 1218 1376; x_wconf 89' lang='lat' dir='ltr'><strong>avari</strong></span> 
     </span>
     <span class='ocr_line' id='line_1_17' title="bbox 259 1401 1173 1455; baseline 0.004 -17"><span class='ocrx_word' id='word_1_103' title='bbox 259 1401 509 1453; x_wconf 85' lang='lat' dir='ltr'><strong>Pygmalionis</strong></span> <span class='ocrx_word' id='word_1_104' title='bbox 527 1416 615 1452; x_wconf 89' lang='lat' dir='ltr'><strong>opes</strong></span> <span class='ocrx_word' id='word_1_105' title='bbox 635 1403 766 1455; x_wconf 82' lang='lat' dir='ltr'><strong>pelago</strong></span> <span class='ocrx_word' id='word_1_106' title='bbox 785 1419 793 1442; x_wconf 90' lang='lat'>:</span> <span class='ocrx_word' id='word_1_107' title='bbox 825 1406 899 1442; x_wconf 86' lang='lat' dir='ltr'><strong>dux</strong></span> <span class='ocrx_word' id='word_1_108' title='bbox 921 1405 1052 1442; x_wconf 85' lang='lat' dir='ltr'><strong>femina</strong></span> <span class='ocrx_word' id='word_1_109' title='bbox 1071 1405 1173 1443; x_wconf 87' lang='lat' dir='ltr'><strong>facti.</strong></span> 
     </span>
     <span class='ocr_line' id='line_1_18' title="bbox 258 1469 1103 1522; baseline 0.002 -14"><span class='ocrx_word' id='word_1_110' title='bbox 258 1470 448 1508; x_wconf 79' lang='lat' dir='ltr'><strong>Devenere</strong></span> <span class='ocrx_word' id='word_1_111' title='bbox 467 1469 582 1514; x_wconf 89' lang='lat' dir='ltr'><strong>locos,</strong></span> <span class='ocrx_word' id='word_1_112' title='bbox 604 1469 664 1506; x_wconf 88' lang='lat' dir='ltr'><strong>ubi</strong></span> <span class='ocrx_word' id='word_1_113' title='bbox 687 1485 779 1508; x_wconf 86' lang='lat' dir='ltr'><strong>nunc</strong></span> <span class='ocrx_word' id='word_1_114' title='bbox 800 1472 959 1522; x_wconf 79' lang='lat' dir='ltr'><strong>iugentia</strong></span> <span class='ocrx_word' id='word_1_115' title='bbox 979 1486 1103 1510; x_wconf 85' lang='lat' dir='ltr'><strong>cernes</strong></span> 
     </span>
     <span class='ocr_line' id='line_1_19' title="bbox 255 1537 1272 1589; baseline 0.003 -14"><span class='ocrx_word' id='word_1_116' title='bbox 255 1537 419 1580; x_wconf 77' lang='lat' dir='ltr'><strong>Moenia,</strong></span> <span class='ocrx_word' id='word_1_117' title='bbox 440 1546 719 1588; x_wconf 84' lang='lat' dir='ltr'><strong>surgentemque</strong></span> <span class='ocrx_word' id='word_1_118' title='bbox 739 1551 850 1574; x_wconf 81' lang='lat' dir='ltr'><strong>novae</strong></span> <span class='ocrx_word' id='word_1_119' title='bbox 877 1539 1110 1589; x_wconf 82' lang='lat' dir='ltr'><strong>Carthaginis</strong></span> <span class='ocrx_word' id='word_1_120' title='bbox 1127 1554 1272 1588; x_wconf 86' lang='lat' dir='ltr'><strong>arcem;</strong></span> 
     </span>
     <span class='ocr_line' id='line_1_20' title="bbox 257 1603 1164 1655; baseline 0 -13"><span class='ocrx_word' id='word_1_121' title='bbox 257 1603 488 1653; x_wconf 87' lang='lat' dir='ltr'><strong>Mercatique</strong></span> <span class='ocrx_word' id='word_1_122' title='bbox 508 1603 636 1646; x_wconf 79' lang='lat' dir='ltr'><strong>solum,</strong></span> <span class='ocrx_word' id='word_1_123' title='bbox 666 1603 751 1640; x_wconf 89' lang='lat' dir='ltr'><strong>facti</strong></span> <span class='ocrx_word' id='word_1_124' title='bbox 771 1605 815 1641; x_wconf 90' lang='lat' dir='ltr'><strong>de</strong></span> <span class='ocrx_word' id='word_1_125' title='bbox 836 1605 976 1642; x_wconf 88' lang='lat' dir='ltr'><strong>nomine</strong></span> <span class='ocrx_word' id='word_1_126' title='bbox 1001 1605 1164 1655; x_wconf 83' lang='lat' dir='ltr'><strong>Byrsam,</strong></span> 
     </span>
     <span class='ocr_line' id='line_1_21' title="bbox 257 1669 1170 1722; baseline 0.001 -14"><span class='ocrx_word' id='word_1_127' title='bbox 257 1669 421 1708; x_wconf 83' lang='lat' dir='ltr'><strong>Taurino</strong></span> <span class='ocrx_word' id='word_1_128' title='bbox 442 1679 619 1720; x_wconf 82' lang='lat' dir='ltr'><strong>quantum</strong></span> <span class='ocrx_word' id='word_1_129' title='bbox 639 1681 786 1720; x_wconf 86' lang='lat' dir='ltr'><strong>possent</strong></span> <span class='ocrx_word' id='word_1_130' title='bbox 807 1671 1029 1708; x_wconf 85' lang='lat' dir='ltr'><strong>circumdare</strong></span> <span class='ocrx_word' id='word_1_131' title='bbox 1051 1680 1170 1722; x_wconf 76' lang='lat' dir='ltr'><strong>tergo,</strong></span> 
     </span>
     <span class='ocr_line' id='line_1_22' title="bbox 258 1735 1257 1790; baseline 0.002 -15"><span class='ocrx_word' id='word_1_132' title='bbox 258 1738 332 1775; x_wconf 89' lang='lat' dir='ltr'><strong>Sed</strong></span> <span class='ocrx_word' id='word_1_133' title='bbox 351 1751 412 1773; x_wconf 94' lang='lat' dir='ltr'><strong>vos</strong></span> <span class='ocrx_word' id='word_1_134' title='bbox 433 1735 494 1786; x_wconf 88' lang='lat' dir='ltr'><strong>qui</strong></span> <span class='ocrx_word' id='word_1_135' title='bbox 515 1737 676 1780; x_wconf 81' lang='lat' dir='ltr'><strong>tandem,</strong></span> <span class='ocrx_word' id='word_1_136' title='bbox 692 1737 824 1787; x_wconf 89' lang='lat' dir='ltr'><strong>quibus</strong></span> <span class='ocrx_word' id='word_1_137' title='bbox 843 1746 907 1774; x_wconf 87' lang='lat' dir='ltr'><strong>aut</strong></span> <span class='ocrx_word' id='word_1_138' title='bbox 927 1737 1069 1775; x_wconf 86' lang='lat' dir='ltr'><strong>venistis</strong></span> <span class='ocrx_word' id='word_1_139' title='bbox 1089 1739 1133 1776; x_wconf 90' lang='lat' dir='ltr'><strong>ab</strong></span> <span class='ocrx_word' id='word_1_140' title='bbox 1153 1739 1257 1790; x_wconf 83' lang='lat' dir='ltr'><strong>oris?</strong></span> 
     </span>
     <span class='ocr_line' id='line_1_23' title="bbox 256 1802 1160 1854; baseline 0.002 -15"><span class='ocrx_word' id='word_1_141' title='bbox 256 1804 389 1854; x_wconf 82' lang='lat' dir='ltr'><strong>Quove</strong></span> <span class='ocrx_word' id='word_1_142' title='bbox 407 1803 538 1840; x_wconf 89' lang='lat' dir='ltr'><strong>tenetis</strong></span> <span class='ocrx_word' id='word_1_143' title='bbox 557 1802 626 1839; x_wconf 89' lang='lat' dir='ltr'><strong>iter</strong></span> <span class='ocrx_word' id='word_1_144' title='bbox 642 1803 654 1840; x_wconf 89' lang='lat'>?</span> <span class='ocrx_word' id='word_1_145' title='bbox 711 1804 909 1852; x_wconf 75' lang='lat' dir='ltr'><strong>Quaerenti</strong></span> <span class='ocrx_word' id='word_1_146' title='bbox 936 1803 1069 1841; x_wconf 82' lang='lat' dir='ltr'><strong>talibus</strong></span> <span class='ocrx_word' id='word_1_147' title='bbox 1087 1804 1160 1849; x_wconf 86' lang='lat' dir='ltr'><strong>ille,</strong></span> 
     </span>
     <span class='ocr_line' id='line_1_24' title="bbox 258 1869 1170 1920; baseline 0.001 -13"><span class='ocrx_word' id='word_1_148' title='bbox 258 1869 463 1919; x_wconf 87' lang='lat' dir='ltr'><strong>Suspirans,</strong></span> <span class='ocrx_word' id='word_1_149' title='bbox 488 1869 632 1919; x_wconf 89' lang='lat' dir='ltr'><strong>imoque</strong></span> <span class='ocrx_word' id='word_1_150' title='bbox 651 1869 797 1906; x_wconf 84' lang='lat' dir='ltr'><strong>trahens</strong></span> <span class='ocrx_word' id='word_1_151' title='bbox 815 1883 835 1906; x_wconf 86' lang='lat' dir='ltr'><strong>a</strong></span> <span class='ocrx_word' id='word_1_152' title='bbox 854 1880 1002 1920; x_wconf 87' lang='lat' dir='ltr'><strong>pectore</strong></span> <span class='ocrx_word' id='word_1_153' title='bbox 1023 1884 1170 1908; x_wconf 85' lang='lat' dir='ltr'><strong>vocem:</strong></span> 
     </span>
    </p>

    <p class='ocr_par' dir='ltr' id='par_1_6' title="bbox 256 1934 1264 2263">
     <span class='ocr_line' id='line_1_25' title="bbox 311 1934 1264 1987; baseline 0 -13"><span class='ocrx_word' id='word_1_154' title='bbox 311 1937 348 1974; x_wconf 95' lang='lat' dir='ltr'>O</span> <span class='ocrx_word' id='word_1_155' title='bbox 370 1937 454 1974; x_wconf 88' lang='lat' dir='ltr'><strong>Dea</strong></span> <span class='ocrx_word' id='word_1_156' title='bbox 472 1938 480 1973; x_wconf 72' lang='grc' dir='ltr'>ἰ</span> <span class='ocrx_word' id='word_1_157' title='bbox 513 1934 541 1971; x_wconf 86' lang='lat' dir='ltr'><strong>si</strong></span> <span class='ocrx_word' id='word_1_158' title='bbox 560 1934 675 1985; x_wconf 87' lang='lat' dir='ltr'><strong>prima</strong></span> <span class='ocrx_word' id='word_1_159' title='bbox 694 1944 858 1985; x_wconf 87' lang='lat' dir='ltr'><strong>repetens</strong></span> <span class='ocrx_word' id='word_1_160' title='bbox 878 1937 922 1972; x_wconf 86' lang='lat' dir='ltr'><strong>ab</strong></span> <span class='ocrx_word' id='word_1_161' title='bbox 942 1936 1080 1987; x_wconf 83' lang='lat' dir='ltr'><strong>origine</strong></span> <span class='ocrx_word' id='word_1_162' title='bbox 1100 1951 1264 1987; x_wconf 88' lang='lat' dir='ltr'><strong>pergam,</strong></span> 
     </span>
     <span class='ocr_line' id='line_1_26' title="bbox 257 2001 1162 2049; baseline -0.003 -7"><span class='ocrx_word' id='word_1_163' title='bbox 257 2005 311 2042; x_wconf 80' lang='lat' dir='ltr'><strong>Et</strong></span> <span class='ocrx_word' id='word_1_164' title='bbox 329 2011 432 2039; x_wconf 88' lang='lat' dir='ltr'><strong>vacet</strong></span> <span class='ocrx_word' id='word_1_165' title='bbox 451 2001 585 2038; x_wconf 85' lang='lat' dir='ltr'><strong>annalis</strong></span> <span class='ocrx_word' id='word_1_166' title='bbox 604 2011 808 2039; x_wconf 86' lang='lat' dir='ltr'><strong>nostrorum</strong></span> <span class='ocrx_word' id='word_1_167' title='bbox 829 2002 950 2039; x_wconf 88' lang='lat' dir='ltr'><strong>audire</strong></span> <span class='ocrx_word' id='word_1_168' title='bbox 969 2002 1132 2039; x_wconf 90' lang='lat' dir='ltr'><strong>laborum</strong></span> <span class='ocrx_word' id='word_1_169' title='bbox 1151 2019 1162 2049; x_wconf 80' lang='lat'>3</span> 
     </span>
     <span class='ocr_line' id='line_1_27' title="bbox 256 2068 1178 2119; baseline 0.001 -12"><span class='ocrx_word' id='word_1_170' title='bbox 256 2071 364 2107; x_wconf 88' lang='lat' dir='ltr'><strong>Ante</strong></span> <span class='ocrx_word' id='word_1_171' title='bbox 382 2069 476 2106; x_wconf 90' lang='lat' dir='ltr'><strong>diem</strong></span> <span class='ocrx_word' id='word_1_172' title='bbox 496 2068 618 2105; x_wconf 89' lang='lat' dir='ltr'><strong>clauso</strong></span> <span class='ocrx_word' id='word_1_173' title='bbox 638 2077 833 2118; x_wconf 88' lang='lat' dir='ltr'><strong>componet</strong></span> <span class='ocrx_word' id='word_1_174' title='bbox 854 2082 981 2118; x_wconf 87' lang='lat' dir='ltr'><strong>vesper</strong></span> <span class='ocrx_word' id='word_1_175' title='bbox 999 2068 1178 2119; x_wconf 74' lang='lat' dir='ltr'><strong>Olympo-</strong></span> 
     </span>
     <span class='ocr_line' id='line_1_28' title="bbox 257 2134 1162 2187; baseline -0.002 -13"><span class='ocrx_word' id='word_1_176' title='bbox 257 2137 338 2174; x_wconf 85' lang='lat' dir='ltr'><strong>Nos</strong></span> <span class='ocrx_word' id='word_1_177' title='bbox 357 2135 472 2187; x_wconf 86' lang='lat' dir='ltr'><strong>Troja</strong></span> <span class='ocrx_word' id='word_1_178' title='bbox 490 2134 652 2185; x_wconf 85' lang='lat' dir='ltr'><strong>antiqua,</strong></span> <span class='ocrx_word' id='word_1_179' title='bbox 673 2134 701 2171; x_wconf 88' lang='lat' dir='ltr'><strong>si</strong></span> <span class='ocrx_word' id='word_1_180' title='bbox 721 2144 855 2172; x_wconf 86' lang='lat' dir='ltr'><strong>vestras</strong></span> <span class='ocrx_word' id='word_1_181' title='bbox 874 2134 968 2172; x_wconf 86' lang='lat' dir='ltr'><strong>forte</strong></span> <span class='ocrx_word' id='word_1_182' title='bbox 984 2149 1049 2185; x_wconf 89' lang='lat' dir='ltr'><strong>per</strong></span> <span class='ocrx_word' id='word_1_183' title='bbox 1067 2136 1162 2172; x_wconf 88' lang='lat' dir='ltr'><strong>auris</strong></span> 
     </span>
     <span class='ocr_line' id='line_1_29' title="bbox 256 2194 1187 2263; baseline 0 -24"><span class='ocrx_word' id='word_1_184' title='bbox 256 2194 391 2255; x_wconf 87' lang='lat' dir='ltr'><strong>Trojae</strong></span> <span class='ocrx_word' id='word_1_185' title='bbox 410 2215 540 2239; x_wconf 82' lang='lat' dir='ltr'><strong>nomen</strong></span> <span class='ocrx_word' id='word_1_186' title='bbox 560 2201 615 2247; x_wconf 88' lang='lat' dir='ltr'><strong>iit,</strong></span> <span class='ocrx_word' id='word_1_187' title='bbox 635 2200 772 2239; x_wconf 86' lang='lat' dir='ltr'><strong>diversa</strong></span> <span class='ocrx_word' id='word_1_188' title='bbox 789 2215 855 2253; x_wconf 82' lang='lat' dir='ltr'><strong>per</strong></span> <span class='ocrx_word' id='word_1_189' title='bbox 873 2214 1027 2253; x_wconf 83' lang='lat' dir='ltr'><strong>aequora</strong></span> <span class='ocrx_word' id='word_1_190' title='bbox 1046 2211 1187 2263; x_wconf 55' lang='lat' dir='ltr'><strong>vectos,</strong></span> 
     </span>
    </p>
   </div>
  </div>
 </body>
</html>
