1493 2605
221 285 256 310 v.
279 275 368 311 412.
524 270 874 311 GEORGICON
942 273 975 310 1.
1236 275 1290 314 53

222 383 362 423 Nescio
381 396 452 432 qua
472 392 614 432 praeter
633 382 779 420 solitum
800 383 991 422 dulcedine
1010 381 1108 428 laeti,

224 451 328 488 Inter
347 464 382 487 se
401 448 495 486 foliis
515 450 707 499 strepitant
726 465 736 488 ε
762 452 879 499 juvat,
903 451 1076 487 inibi-:bus
1096 452 1202 496 actis,

222 516 439 567 Progeniem
460 529 603 564 parvam
623 515 812 565 dulcisque
833 516 983 553 revisere
1004 517 1118 554 nidos.

224 582 356 627 Haud,
385 583 554 632 equidem
574 582 695 623 credo,
726 582 811 632 quia
831 582 875 619 sit
897 583 1067 620 divinitus
1086 583 1156 621 illis

227 648 436 700 Ingenium,
466 659 529 686 aut
551 661 669 685 rerum
691 648 768 685 fato
790 649 981 698 prudentia
1003 652 1140 701 major:

221 717 376 760 Verum,
406 715 469 752 ubi
489 724 685 764 tempestas
705 723 742 751 et
761 714 853 751 coeli
876 716 1016 752 mobilis
1036 716 1170 752 humor

221 783 420 822 Mutavere
441 783 528 826 vias,
557 792 593 819 et
613 782 760 832 Jupiter
781 782 908 819 uvidus
928 785 1058 820 austris

222 850 378 893 Densat,
393 860 495 887 erant
509 863 601 900 quae
615 862 693 886 rara
706 849 984 899 mod0,et‚quae
997 850 1117 894 densa,
1130 850 1287 898 relaxat;

221 917 427 954 Vertuntur
447 916 583 966 species
603 915 817 959 animorum,
834 926 871 952 et
892 926 1041 967 pectora
1061 927 1182 953 motus

221 983 332 1021 Nunc
352 983 453 1027 alim,
474 983 561 1020 alios
581 982 668 1019 dum
687 982 809 1018 nubila
831 992 957 1018 ventus
978 984 1124 1033 agebat,

224 1050 477 1100 Concipiunt:
508 1049 592 1086 hinc
612 1049 672 1086 ille
692 1049 810 1085 avium
830 1060 1028 1086 concentus
1049 1050 1082 1086 in
1105 1051 1216 1102 agris,

223 1117 277 1154 Et
295 1116 410 1153 laetae
430 1116 601 1166 pecudes,
621 1125 659 1153 et
679 1126 826 1153 ovantes
846 1126 996 1167 gutture
1017 1117 1128 1153 corvi.

276 1183 316 1221 Si
336 1196 420 1220 vero
442 1182 564 1221 Solem
584 1181 630 1218 ad
651 1181 830 1231 rapidum,
852 1181 1040 1232 lunasque,
1062 1182 1243 1232 sequentia

222 1250 377 1293 Ordine,
406 1249 573 1301 respicies
592 1263 602 1293 ;
633 1261 829 1298 numquam
850 1258 886 1284 te
907 1250 1062 1285 crastina
1082 1248 1184 1286 fallet

221 1317 344 1362 Hora,
365 1331 482 1367 neque
501 1315 636 1353 insidiis
656 1315 774 1352 noctis
794 1316 935 1365 capiere
955 1329 1109 1353 serenae.

222 1383 347 1428 Luna,
368 1391 586 1421 revertentes
606 1396 719 1432 quum
738 1382 895 1432 primum
911 1382 1052 1433 colligit
1074 1383 1182 1434 ignis,

224 1450 264 1487 Si
284 1450 428 1501 nigrum
448 1450 606 1486 obscuro
626 1448 897 1498 comprenderit
917 1450 998 1486 ae'ra
1018 1463 1146 1493 cornu,

226 1515 412 1553 Maximus
432 1515 600 1566 agricolis
618 1515 822 1566 pelagoque
845 1516 1033 1565 parabitur
1051 1516 1191 1553 imber:

220 1582 296 1626 At,
317 1582 345 1618 si
365 1582 566 1633 virgineum
587 1581 778 1619 suffuderit
798 1596 859 1619 ore
879 1583 1062 1626 ruborem,

224 1648 370 1686 Ventus
389 1649 456 1686 erit
474 1663 483 1686 ε
515 1660 624 1686 vento
646 1663 787 1700 semper
807 1650 913 1686 rubet
937 1663 1043 1686 aurea
1073 1650 1233 1687 Phoebe⁴

223 1715 287 1753 Sin
308 1725 391 1752 ortu
414 1725 558 1766 quarto,
578 1730 732 1766 namque
752 1716 780 1753 is
801 1716 1020 1753 certissimus
1040 1726 1183 1761 auctor,

222 1783 333 1829 Pura,
353 1797 470 1834 neque
489 1784 631 1820 obtusis
652 1797 717 1833 per
734 1783 876 1820 coelum
896 1784 1065 1820 cornibus
1086 1785 1153 1820 ibit
1170 1799 1181 1829 ;

223 1851 346 1888 Totus
365 1859 402 1888 et
423 1850 482 1887 ille
501 1850 590 1894 dies,
610 1859 648 1887 et
668 1851 730 1900 qui
751 1861 944 1887 nascentur
963 1851 1007 1886 ab
1028 1850 1088 1886 illo

222 1917 408 1954 Exactum
428 1916 472 1953 ad
492 1930 661 1960 mensem,
683 1916 804 1966 pluvia
824 1916 1011 1966 ventisque
1031 1917 1221 1962 carebunt,

226 1985 401 2034 Votaque
422 1983 551 2021 servati
575 1983 713 2020 solvent
734 1983 769 2019 in
789 1982 913 2020 littore
934 1994 1064 2020 nautae

217 2050 393 2094 -Glauco,
414 2059 450 2087 et
471 2050 677 2100 Panopeae,
696 2061 734 2087 et
758 2051 851 2087 Inoo
874 2050 1100 2088 Melicertae.

262 2117 327 2155 Sol
340 2127 545 2168 quoque,et
558 2117 779 2161 exoriens‚et
793 2131 907 2167 quum
919 2132 954 2155 se
967 2119 1100 2156 condet
1112 2119 1146 2155 in
1160 2120 1286 2165 undas,

227 2183 343 2235 Signa
361 2185 488 2224 dabit:
522 2184 645 2231 Solem
665 2184 863 2223 certissima
883 2184 984 2237 signa
1005 2194 1218 2236 sequuntur,
