1493 2605
224 292 278 330 82
486 289 855 344 ι(ηεοιωῐεοτκτ
910 292 992 334 111.
1138 308 1170 334 v.
1192 297 1281 337 133.

224 404 351 454 Quum
368 404 527 456 graviter
541 405 655 442 tunsis
672 406 786 457 gemit
807 419 887 443 area
906 404 1087 459 frngibus,
1107 417 1144 446 et
1165 422 1279 459 quum

223 472 445 524 Surgentem
463 474 508 510 ad
529 472 746 523 Zephyrum
768 472 889 523 paleae
903 476 1090 526 jactantur
1108 476 1241 516 inanes.

223 539 314 579 Hoc
335 540 486 584 faciunt,
508 540 618 577 nimio
638 553 681 576 ne
701 539 789 577 luxu
811 540 979 577 obtusior
999 555 1082 579 usus

222 607 279 646 Sit
300 605 448 659 genitali
468 621 566 651 arvo,
595 618 630 645 et
653 607 771 644 sulcos
791 606 941 645 oblimet
962 608 1085 646 inertis
1104 624 1114 654 ς

222 674 295 714 Sed
316 676 431 726 rapiat
452 675 574 712 sitiens
594 673 787 718 Venerem,
808 674 1028 725 interiusque
1049 676 1238 716 recondat.

278 745 420 782 Rursus
433 757 519 781 cura
534 752 679 792 patrum
694 743 835 784 cadere,
851 751 887 779 et
902 742 1092 781 succedere
1108 753 1281 791 matrum,

222 811 373 861 Incipit.
433 810 585 848 Exactis
600 809 769 859 gravidae
790 823 903 860 quum
924 810 1106 848 mensibus
1125 822 1259 858 errant,

221 879 306 918 Non
329 878 406 916 illas
425 878 596 930 gravibus
617 877 806 927 quisquam
831 879 920 928 juga
942 877 1074 915 ducere
1094 878 1277 929 plaustris,

220 944 305 984 Non
324 945 417 983 saltu
438 958 606 993 superare
627 944 730 987 viam,
752 943 796 981 sit
818 957 955 993 passm,
975 953 1011 981 et
1032 945 1105 982 acri

218 1014 380 1062 Carpere
400 1023 503 1063 prata
522 1010 626 1063 fuga,
650 1010 849 1061 fluviosque
868 1010 989 1049 innare
1008 1017 1166 1063 rapaces.

220 1080 382 1119 Saltibus
402 1079 436 1116 in
458 1078 578 1116 vacuis
600 1087 762 1127 pascant,
782 1087 819 1115 et
843 1077 947 1128 plena
967 1080 1166 1117 secundum

219 1146 386 1186 Flumina
403 1162 414 1191 ;
438 1159 583 1183 muscus
599 1145 674 1188 ubi,
694 1154 730 1182 et
752 1144 963 1182 viridissima
983 1145 1146 1196 gramine
1166 1146 1243 1198 ripa
1261 1163 1272 1186 t

218 1212 495 1262 Speluncaeque
515 1221 658 1263 tegant,
687 1221 723 1249 et
746 1225 850 1248 saxea
873 1213 1053 1262 procubet
1076 1214 1216 1251 umbra.

218 1279 290 1318 Est
310 1279 411 1317 lucos
433 1279 537 1317 Silari
558 1278 666 1322 circa,
687 1278 902 1329 ilicibusque
922 1278 1109 1324 virentem,
1151 1291 1153 1293 ’

216 1347 413 1391 Plurimus,
438 1347 662 1390 Alburnum,
683 1345 847 1389 volitans,
874 1347 960 1396 quoi
981 1359 1109 1384 nomen
1131 1347 1218 1386 asilo

218 1414 426 1454 Romanurn
447 1423 515 1458 est,
534 1423 695 1451 oestrum
717 1413 821 1452 Graii
842 1422 979 1450 vertere
1002 1424 1198 1460 vocantes;

214 1482 355 1528 Asper,
377 1482 506 1518 acerba
527 1494 653 1518 sonans
673 1496 682 1525 3
713 1494 787 1530 quo
808 1479 1082 1518 tota'exterrita
1102 1479 1196 1517 silvis

213 1547 431 1599 Diffugiunt
448 1557 607 1585 armenta
623 1563 632 1586 :
663 1547 751 1585 furit
768 1546 970 1598 mugitibus
984 1546 1110 1584 aether

213 1616 438 1658 concussus,
458 1614 652 1664 silvaeque,
668 1623 704 1651 et
725 1614 808 1651 sicci
829 1614 907 1663 ripa
926 1612 1107 1665 Tanagri.

214 1679 306 1720 Hoc
327 1681 513 1732 quondam
534 1689 697 1718 monstro
716 1679 899 1717 horribilis
919 1681 1082 1717 exercuit
1102 1679 1185 1726 iras,

214 1747 400 1790 Inachiae,
420 1749 532 1792 Juno,
553 1759 691 1798 pestem
712 1747 886 1785 meditata
899 1749 1087 1799 juvencae.

212 1814 331 1852 Hunc
350 1828 512 1865 quoque,
540 1828 621 1851 nam
641 1814 766 1852 mediis
786 1813 988 1851 fervoribus
1007 1813 1126 1851 acrior
1142 1813 1269 1861 instat,
1286 1815 1288 1819 ’

211 1881 374 1920 Arce-bis
395 1882 547 1933 gravido
567 1882 705 1932 pecori,
726 1889 961 1931 armentaque
980 1893 1105 1930 pasces

213 1947 299 1987 Sole
318 1962 440 1986 recens
461 1958 558 1992 orto,
577 1957 641 1985 aut
662 1959 806 1985 noctem
828 1947 1047 1984 ducentibus
1066 1946 1184 1985 astris.

266 2014 356 2051 Post
379 2024 535 2064 partum,
556 2027 642 2051 cura
661 2013 696 2050 in
718 2012 848 2051 vitulos
867 2013 1072 2050 traducitur
1089 2014 1206 2052 omnis
1220 2029 1232 2053 ε

209 2080 474 2132 Continuoque
495 2090 598 2118 notas
617 2089 655 2118 et
674 2080 818 2117 nomina
841 2080 961 2132 gentis
979 2080 1125 2119 inurunt
1144 2097 1156 2127 ς

211 2148 280 2192 Et,
300 2163 392 2199 quos
412 2158 474 2185 aut
495 2148 619 2199 pecori
639 2146 765 2185 malint
780 2147 994 2185 submittere
1014 2146 1197 2194 habendo,·

210 2215 302 2255 Aut
321 2216 389 2256 aris
409 2229 547 2256 servare
566 2227 701 2260 sacros,
719 2223 783 2255 aut
801 2214 963 2255 scindere
982 2222 1113 2254 terram
