1529 2693
268 339 318 374 lo
624 334 935 373 BUCOLICA.
1195 348 1230 375 v.
1252 337 1317 374 38.

260 447 383 485 Lenta
403 444 535 495 quibus
553 454 660 482 torno
680 443 775 482 facili
796 443 1031 494 superaddita
1050 444 1132 483 vitis

257 512 425 551 Diffusos
446 512 575 549 hedera
595 512 699 548 vestit
721 511 876 561 pallente
896 512 1102 561 corymbOS.

261 579 304 616 In
327 579 444 615 medio
465 579 538 615 duo
559 579 659 629 signa
680 593 689 615 ε
719 577 865 620 Conon,
886 578 1060 627 et—quis
1072 577 1142 615 fuit
1160 577 1264 623 alter,

260 645 467 694 Descripsit
489 645 587 681 radio
607 654 727 682 totum
743 644 804 695 qui
820 643 991 696 gentibus
1009 645 1133 681 orbem
1149 659 1160 689 ς
1221 659 1227 662 ·

259 711 445 760 Tempora
465 724 556 760 quae
575 724 722 753 messor,
741 724 833 760 quae
852 723 982 747 curvus
1001 720 1122 747 arator
1139 710 1289 748 haberet
1306 710 1321 749 ἓ

259 777 429 816 Necdum
449 777 517 814 illis
536 777 634 814 labra
653 776 810 819 admovi,
831 777 893 814 sed
912 777 1060 814 condita
1079 791 1194 816 servo.

685 844 887 881 Damoetas.

258 910 311 948 Et
333 909 435 947 nobis
455 909 548 945 idem
569 908 790 945 Alcimedon
812 909 886 945 duo
907 907 1038 958 pocula
1057 907 1160 952 fecit,

258 976 311 1013 Et
333 975 429 1012 molli
449 976 584 1012 circum
604 984 658 1012 est
678 989 779 1012 ansas
802 974 990 1024 amplexus
1009 974 1162 1010 acantho
1181 989 1193 1018 ς

257 1042 480 1092 Orpheaque
500 1042 534 1077 in
555 1041 672 1078 medio
692 1041 828 1092 posuit,
849 1040 1024 1090 silvasque
1043 1039 1238 1090 sequentis.

258 1109 429 1147 Necdum
449 1108 516 1144 illis
536 1107 635 1144 labra
655 1108 811 1150 admovi,
832 1107 893 1144 sed
912 1107 1058 1144 condita
1077 1120 1192 1144 servo.

259 1175 299 1213 Si
319 1175 363 1212 ad
383 1174 531 1211 vitulam
552 1184 704 1225 spectas,
725 1174 813 1211 nihil
826 1183 894 1219 est,
914 1174 1015 1224 quod
1033 1174 1166 1225 pocula
1179 1174 1317 1214 laudes.

336 1230 338 1232 v
673 1241 871 1279 Menalcas.
1187 1241 1315 1291 [caris.

259 1307 458 1357 Nunquam
479 1306 588 1343 hodie
620 1306 798 1357 effugies:
830 1306 978 1350 veniam,
1001 1320 1234 1358 quocumque
1255 1322 1320 1346 vo-

258 1374 404 1411 Audiat
424 1374 512 1410 haec
527 1383 670 1410 tantum
686 1372 753 1417 vel,
773 1373 834 1423 qui
854 1373 963 1417 venit,
978 1387 1063 1410 ecce
1079 1376 1087 1411 !
1113 1374 1320 1414 Palaemon.

260 1439 443 1484 Efficiam,
463 1439 616 1489 posthac
637 1453 680 1476 ne
700 1452 915 1488 quemquam
936 1454 1024 1478 voce
1044 1440 1207 1479 lacessas.

673 1506 876 1543 Damoetas.

258 1572 357 1622 Quin
378 1585 461 1623 age,
480 1571 598 1619 siquid
617 1571 741 1614 habes,
762 1571 796 1607 in
817 1585 873 1608 me
894 1585 993 1608 mora
1012 1585 1082 1608 non
1101 1572 1170 1610 erit
1190 1571 1261 1610 ulla
1277 1588 1290 1620 ς

257 1639 337 1677 Nec
354 1651 569 1687 quemquam
590 1637 695 1688 fugio
712 1654 722 1676 ε
752 1646 908 1682 tantum,
927 1638 1041 1675 vicine
1071 1638 1280 1684 Palaemon,

259 1705 430 1743 Sensibus
448 1705 537 1742 haec
556 1704 648 1748 imis,
668 1718 724 1741 res
738 1714 793 1742 est
813 1719 884 1742 non
904 1718 1026 1755 parva,
1045 1718 1210 1756 reponas.

678 1771 878 1809 Palaemon.

259 1836 388 1875 Dicite
404 1851 414 1874 :
445 1837 740 1887 quandoquidem
760 1837 795 1873 in
815 1836 914 1873 molli
933 1836 1160 1874 consedimus
1178 1836 1318 1885 herba;

260 1904 314 1940 Et
335 1917 428 1940 nunc
448 1903 564 1939 omnis
584 1916 683 1954 ager,
703 1917 797 1940 nunc
816 1903 933 1940 omnis
953 1903 1111 1953 parturit
1129 1903 1249 1949 arbos,

259 1969 370 2007 Nunc
390 1968 559 2006 frondent
579 1969 700 2012 silvae,
729 1983 822 2006 nunc
843 1968 1121 2005 formosissimus
1139 1981 1264 2008 annus.

260 2035 400 2084 Incipe,
422 2035 606 2072 Damoeta
624 2050 635 2080 ;
664 2043 702 2072 tu
725 2035 851 2072 deinde
871 2048 1033 2085 sequere,
1052 2033 1233 2073 Menalca.

260 2100 425 2138 Alternis
445 2100 571 2138 dicetis
589 2115 600 2146 ;
628 2110 747 2138 amant
773 2100 909 2138 alterna
927 2113 1104 2139 camenae.

685 2167 888 2205 Damoetas.

263 2232 328 2271 Ab
349 2233 437 2270 Jove
458 2232 688 2284 principium,
707 2232 863 2273 Musae:
891 2232 992 2273 Jovis
1009 2232 1130 2271 omnia
1147 2231 1277 2285 plena:

1520 1525 1529 1799 --0-*v-.u-L
1527 1485 1529 1493 -
1527 1398 1529 1442 4⁴
