1493 2605
204 273 256 309 88
481 268 831 339 ῼΕΟΚΟΙΟΟΝ
900 267 979 308 111.
1116 283 1150 307 v.
1170 271 1258 309 801.

201 384 355 422 Arbuta
377 380 554 426 sufficere,
573 392 610 419 et
633 381 759 419 fluvios
779 381 951 432 praebere
968 381 1121 420 recentis
1139 398 1150 428 3

204 448 258 488 Et
280 450 419 487 stabula
439 463 458 486 a
478 449 592 486 ventis
611 448 762 485 hiberno
788 462 972 498 opponere
995 447 1062 485 soli

203 519 273 557 Ad
290 518 446 555 medium
467 529 639 554 conversa
659 515 753 552 diem
774 530 784 552 :
813 529 925 566 quum
947 515 1099 567 frigidus
1117 516 1204 554 olim

203 585 284 623 Jam
307 585 403 622 cadit
423 593 660 632 extremoque
681 583 807 619 irrorat
831 582 1019 632 Aquarius
1037 596 1142 620 anno.

202 652 290 690 Hae
310 665 457 701 quoqne
477 664 546 686 non
567 663 653 687 cura
673 649 777 686 nobis
797 648 928 686 leviore
947 650 1117 694 tuendae,

200 718 283 756 Nec
304 717 419 754 minor
438 730 521 754 usus
541 717 607 753 erit
626 731 636 753 ε
666 716 828 766 quamvis
850 715 993 753 Milesia
1014 730 1148 767 magno

198 784 347 822 Vellera
368 793 552 821 mutentur
571 783 710 832 Tyrios
731 783 874 820 incocta
898 783 1060 826 rubores,

199 851 363 889 Densior
381 851 465 887 hinc
486 849 628 886 suboles
647 865 657 895 ;
687 850 770 886 hinc
791 849 882 900 largi
903 848 1008 898 copia
1027 848 1144 886 lactis.

199 919 323 969 Quam
342 917 456 968 magis
475 917 653 954 exhausto
673 916 890 966 spumaverit
911 917 1020 952 ubere
1041 915 1209 961 mulctra,

199 985 320 1023 Laeta
339 984 454 1035 magis
474 983 604 1033 pressis
625 983 822 1019 manabunt
845 982 990 1019 flumina
1011 983 1184 1020 mammis.

198 1051 282 1090 Nec
302 1051 419 1087 minus
440 1051 575 1087 interea
594 1050 724 1087 barbas
744 1050 943 1099 incanaque
963 1059 1084 1087 menta

199 1116 375 1167 Cinyphii
394 1116 548 1153 tondent
569 1116 674 1160 hirci,
695 1125 862 1166 setasque
881 1116 1071 1159 comantis,

200 1185 322 1222 Usum
341 1183 376 1220 in
398 1192 614 1226 castrorum,
637 1191 674 1220 et
695 1182 830 1219 miseris
852 1182 1020 1219 velamina
1040 1183 1169 1220 nautis.

198 1251 405 1289 Pascuntur
423 1263 507 1286 vero
528 1249 644 1293 silvas,
663 1259 701 1286 et
721 1262 859 1285 summa
880 1249 1037 1298 Lycaei,

198 1317 471 1367 Horrentisque
491 1316 614 1359 rubos,
629 1324 667 1353 et
686 1315 837 1352 amantis
856 1315 966 1352 ardua
985 1316 1114 1353 dumos
1132 1332 1142 1361 ς

196 1384 333 1434 Atque
353 1383 450 1433 ipsae
471 1396 646 1419 memores
674 1383 826 1419 redeunt
846 1382 880 1419 in
902 1391 1016 1426 tecta,
1037 1396 1195 1433 suosque

197 1451 370 1494 Ducunt,
398 1460 434 1487 et
455 1450 604 1501 gravido
625 1461 794 1500 superant
815 1449 871 1486 vix
894 1450 1003 1487 ubere
1022 1449 1142 1488 limen.

198 1517 307 1569 Ergo
327 1517 424 1554 omni
445 1517 567 1554 studio
588 1515 741 1568 glaciem
762 1525 961 1566 ventosque
982 1515 1120 1561 nivalis,

198 1585 287 1635 Quo
305 1586 420 1622 minor
440 1594 495 1621 est
515 1582 583 1620 illis
602 1596 708 1620 curae
728 1583 888 1620 mortalis
910 1592 1067 1634 egestas,

163 1641 168 1650 ⁸
195 1650 359 1689 Avertes
377 1667 388 1697 3
416 1651 627 1700 victumque
647 1649 740 1688 feres
759 1659 797 1687 et
817 1651 938 1701 virgea
957 1650 1072 1687 laetus

196 1718 339 1757 Pabula
357 1733 368 1764 ;
397 1732 461 1754 nec
491 1726 571 1754 tota
589 1716 736 1754 claudes
757 1715 900 1754 foenilia
919 1718 1060 1754 bruma.

195 1787 258 1825 At
277 1799 376 1829 vero,
395 1784 582 1835 Zephyris
601 1797 714 1834 quum
733 1784 827 1821 laeta
847 1784 1062 1821 vocantibus
1081 1793 1196 1822 aestas

196 1853 241 1890 In
259 1852 371 1890 saltus
383 1860 579 1901 utrumque
594 1864 759 1902 gregem,
776 1860 885 1901 atquc
902 1851 934 1886 in
949 1863 1095 1900 pascua,
1111 1851 1247 1896 mittet,

199 1918 368 1958 Luciferi
388 1918 504 1968 primo
525 1931 609 1955 cum
630 1917 745 1954 sidere
765 1917 898 1968 frigida
916 1931 999 1954 rura

195 1987 412 2036 carpamus,
432 1985 519 2021 dum
538 1997 640 2021 mane
655 1997 800 2028 novum,
817 1984 903 2020 dum
919 1984 1080 2034 gramina
1100 1994 1246 2030 canent,

198 2050 251 2089 Et
272 2065 330 2089 ros
348 2052 382 2088 in
404 2061 525 2088 tenera
544 2051 669 2101 pecori
690 2050 914 2102 gratissimus
933 2050 1059 2088 herba.

199 2118 306 2161 Inde,
327 2119 389 2156 ubi
404 2127 533 2168 quarta
548 2117 644 2154 sitim
663 2116 755 2154 coeli
775 2116 963 2168 collegerit
983 2117 1086 2161 hora,

201 2183 254 2222 Et
274 2195 383 2224 cantu
403 2182 574 2235 querulae
591 2194 762 2237 rumpent
783 2183 930 2222 arbusta
949 2183 1109 2228 cicadae,
