<?xml version="1.0" encoding="UTF-8"?>
<!DOCTYPE html PUBLIC "-//W3C//DTD XHTML 1.0 Transitional//EN"
    "http://www.w3.org/TR/xhtml1/DTD/xhtml1-transitional.dtd">
<html xmlns="http://www.w3.org/1999/xhtml" xml:lang="en" lang="en">
 <head>
  <title>
</title>
<meta http-equiv="Content-Type" content="text/html;charset=utf-8" />
  <meta name='ocr-system' content='tesseract 3.04.00' />
  <meta name='ocr-capabilities' content='ocr_page ocr_carea ocr_par ocr_line ocrx_word'/>
</head>
<body>
  <div class='ocr_page' id='page_1' title='image "./operahun01virguoft_0115.png"; bbox 0 0 1493 2605; ppageno 0'>
   <div class='ocr_carea' id='block_1_1' title="bbox 186 278 1235 330">
    <p class='ocr_par' dir='ltr' id='par_1_1' title="bbox 186 278 1235 330">
     <span class='ocr_line' id='line_1_1' title="bbox 186 278 1235 330; baseline 0 -3"><span class='ocrx_word' id='word_1_1' title='bbox 186 291 219 330; x_wconf 55' lang='grc' dir='ltr'>ε.</span> <span class='ocrx_word' id='word_1_2' title='bbox 238 290 325 330; x_wconf 68' lang='lat'>3292</span> <span class='ocrx_word' id='word_1_3' title='bbox 463 284 809 328; x_wconf 76' lang='lat' dir='ltr'>GEORomoN</span> <span class='ocrx_word' id='word_1_4' title='bbox 866 285 947 326; x_wconf 58' lang='lat'>111;</span> <span class='ocrx_word' id='word_1_5' title='bbox 1183 278 1235 328; x_wconf 70' lang='lat' dir='ltr'>ss</span> 
     </span>
    </p>
   </div>
   <div class='ocr_carea' id='block_1_2' title="bbox 182 398 1231 2242">
    <p class='ocr_par' dir='ltr' id='par_1_2' title="bbox 182 398 1231 2242">
     <span class='ocr_line' id='line_1_2' title="bbox 184 398 1071 452; baseline -0.003 -12"><span class='ocrx_word' id='word_1_6' title='bbox 184 404 253 440; x_wconf 85' lang='lat' dir='ltr'>Ad</span> <span class='ocrx_word' id='word_1_7' title='bbox 272 411 402 452; x_wconf 91' lang='lat' dir='ltr'>puteos</span> <span class='ocrx_word' id='word_1_8' title='bbox 417 409 479 438; x_wconf 89' lang='lat' dir='ltr'>aut</span> <span class='ocrx_word' id='word_1_9' title='bbox 495 400 566 438; x_wconf 87' lang='lat' dir='ltr'>alta</span> <span class='ocrx_word' id='word_1_10' title='bbox 585 414 715 452; x_wconf 83' lang='lat' dir='ltr'>greges</span> <span class='ocrx_word' id='word_1_11' title='bbox 734 400 778 438; x_wconf 88' lang='lat' dir='ltr'>ad</span> <span class='ocrx_word' id='word_1_12' title='bbox 799 409 926 451; x_wconf 84' lang='lat' dir='ltr'>stagna</span> <span class='ocrx_word' id='word_1_13' title='bbox 940 398 1071 451; x_wconf 78' lang='lat' dir='ltr'>jubeto</span> 
     </span>
     <span class='ocr_line' id='line_1_3' title="bbox 185 466 1068 518; baseline -0.002 -13"><span class='ocrx_word' id='word_1_14' title='bbox 185 470 399 506; x_wconf 87' lang='lat' dir='ltr'>Currentem</span> <span class='ocrx_word' id='word_1_15' title='bbox 418 467 538 518; x_wconf 89' lang='lat' dir='ltr'>ilignis</span> <span class='ocrx_word' id='word_1_16' title='bbox 558 477 685 517; x_wconf 86' lang='lat' dir='ltr'>potare</span> <span class='ocrx_word' id='word_1_17' title='bbox 705 466 888 504; x_wconf 86' lang='lat' dir='ltr'>canalibus</span> <span class='ocrx_word' id='word_1_18' title='bbox 907 467 1039 504; x_wconf 87' lang='lat' dir='ltr'>undam</span> <span class='ocrx_word' id='word_1_19' title='bbox 1056 480 1068 513; x_wconf 86' lang='lat'>;</span> 
     </span>
     <span class='ocr_line' id='line_1_4' title="bbox 184 533 1154 585; baseline 0 -13"><span class='ocrx_word' id='word_1_20' title='bbox 184 535 364 572; x_wconf 82' lang='lat' dir='ltr'>Aestibus</span> <span class='ocrx_word' id='word_1_21' title='bbox 383 543 421 571; x_wconf 89' lang='lat' dir='ltr'>at</span> <span class='ocrx_word' id='word_1_22' title='bbox 440 535 564 571; x_wconf 85' lang='lat' dir='ltr'>mediis</span> <span class='ocrx_word' id='word_1_23' title='bbox 584 535 787 571; x_wconf 84' lang='lat' dir='ltr'>umbrosam</span> <span class='ocrx_word' id='word_1_24' title='bbox 806 534 993 585; x_wconf 81' lang='lat' dir='ltr'>exquirere</span> <span class='ocrx_word' id='word_1_25' title='bbox 1013 533 1154 579; x_wconf 84' lang='lat' dir='ltr'>vallem,</span> 
     </span>
     <span class='ocr_line' id='line_1_5' title="bbox 186 601 1072 652; baseline -0.001 -14"><span class='ocrx_word' id='word_1_26' title='bbox 186 601 312 638; x_wconf 85' lang='lat' dir='ltr'>Sicubi</span> <span class='ocrx_word' id='word_1_27' title='bbox 330 614 460 652; x_wconf 86' lang='lat' dir='ltr'>magna</span> <span class='ocrx_word' id='word_1_28' title='bbox 478 601 577 639; x_wconf 90' lang='lat' dir='ltr'>Jovis</span> <span class='ocrx_word' id='word_1_29' title='bbox 597 602 746 651; x_wconf 90' lang='lat' dir='ltr'>antiquo</span> <span class='ocrx_word' id='word_1_30' title='bbox 765 602 895 638; x_wconf 87' lang='lat' dir='ltr'>robore</span> <span class='ocrx_word' id='word_1_31' title='bbox 915 610 1072 651; x_wconf 70' lang='lat' dir='ltr'>quercus</span> 
     </span>
     <span class='ocr_line' id='line_1_6' title="bbox 186 667 1054 719; baseline -0.001 -14"><span class='ocrx_word' id='word_1_32' title='bbox 186 668 351 719; x_wconf 86' lang='lat' dir='ltr'>Ingentis</span> <span class='ocrx_word' id='word_1_33' title='bbox 369 669 494 705; x_wconf 87' lang='lat' dir='ltr'>tendat</span> <span class='ocrx_word' id='word_1_34' title='bbox 513 672 630 705; x_wconf 89' lang='lat' dir='ltr'>ramos</span> <span class='ocrx_word' id='word_1_35' title='bbox 647 683 657 713; x_wconf 86' lang='lat'>;</span> <span class='ocrx_word' id='word_1_36' title='bbox 687 678 750 704; x_wconf 89' lang='lat' dir='ltr'>aut</span> <span class='ocrx_word' id='word_1_37' title='bbox 771 668 885 705; x_wconf 86' lang='lat' dir='ltr'>sicubi</span> <span class='ocrx_word' id='word_1_38' title='bbox 909 667 1054 719; x_wconf 88' lang='lat' dir='ltr'>nigrum</span> 
     </span>
     <span class='ocr_line' id='line_1_7' title="bbox 185 733 1100 771; baseline -0.001 0"><span class='ocrx_word' id='word_1_39' title='bbox 185 734 336 771; x_wconf 85' lang='lat' dir='ltr'>Ilicibus</span> <span class='ocrx_word' id='word_1_40' title='bbox 355 734 490 771; x_wconf 85' lang='lat' dir='ltr'>crebris</span> <span class='ocrx_word' id='word_1_41' title='bbox 507 747 606 771; x_wconf 88' lang='lat' dir='ltr'>sacra</span> <span class='ocrx_word' id='word_1_42' title='bbox 626 746 751 771; x_wconf 86' lang='lat' dir='ltr'>nemus</span> <span class='ocrx_word' id='word_1_43' title='bbox 770 735 925 771; x_wconf 83' lang='lat' dir='ltr'>accubet</span> <span class='ocrx_word' id='word_1_44' title='bbox 945 733 1072 770; x_wconf 86' lang='lat' dir='ltr'>umbra</span> <span class='ocrx_word' id='word_1_45' title='bbox 1090 748 1100 771; x_wconf 68' lang='grc' dir='ltr'><em>τ</em></span> 
     </span>
     <span class='ocr_line' id='line_1_8' title="bbox 185 799 1177 850; baseline 0 -14"><span class='ocrx_word' id='word_1_46' title='bbox 185 799 285 837; x_wconf 92' lang='lat' dir='ltr'>Tum</span> <span class='ocrx_word' id='word_1_47' title='bbox 303 799 421 837; x_wconf 90' lang='lat' dir='ltr'>tenuis</span> <span class='ocrx_word' id='word_1_48' title='bbox 441 800 524 836; x_wconf 87' lang='lat' dir='ltr'>dare</span> <span class='ocrx_word' id='word_1_49' title='bbox 543 812 663 837; x_wconf 89' lang='lat' dir='ltr'>rursus</span> <span class='ocrx_word' id='word_1_50' title='bbox 683 813 806 850; x_wconf 86' lang='lat' dir='ltr'>aquas,</span> <span class='ocrx_word' id='word_1_51' title='bbox 835 809 874 837; x_wconf 89' lang='lat' dir='ltr'>et</span> <span class='ocrx_word' id='word_1_52' title='bbox 892 813 1037 849; x_wconf 89' lang='lat' dir='ltr'>pascere</span> <span class='ocrx_word' id='word_1_53' title='bbox 1056 811 1177 836; x_wconf 81' lang='lat' dir='ltr'>rursus</span> 
     </span>
     <span class='ocr_line' id='line_1_9' title="bbox 188 865 1107 917; baseline -0.001 -14"><span class='ocrx_word' id='word_1_54' title='bbox 188 865 283 903; x_wconf 85' lang='lat' dir='ltr'>Solis</span> <span class='ocrx_word' id='word_1_55' title='bbox 303 867 348 903; x_wconf 90' lang='lat' dir='ltr'>ad</span> <span class='ocrx_word' id='word_1_56' title='bbox 367 879 550 910; x_wconf 88' lang='lat' dir='ltr'>occasum,</span> <span class='ocrx_word' id='word_1_57' title='bbox 579 880 691 916; x_wconf 88' lang='lat' dir='ltr'>quum</span> <span class='ocrx_word' id='word_1_58' title='bbox 709 865 862 917; x_wconf 83' lang='lat' dir='ltr'>frigidus</span> <span class='ocrx_word' id='word_1_59' title='bbox 881 867 963 904; x_wconf 81' lang='lat' dir='ltr'>ae&#39;ra</span> <span class='ocrx_word' id='word_1_60' title='bbox 981 879 1107 916; x_wconf 79' lang='lat' dir='ltr'>vesper</span> 
     </span>
     <span class='ocr_line' id='line_1_10' title="bbox 185 932 1090 985; baseline -0.001 -15"><span class='ocrx_word' id='word_1_61' title='bbox 185 933 398 983; x_wconf 85' lang='lat' dir='ltr'>Temperat,</span> <span class='ocrx_word' id='word_1_62' title='bbox 421 943 458 970; x_wconf 87' lang='lat' dir='ltr'>et</span> <span class='ocrx_word' id='word_1_63' title='bbox 478 932 589 970; x_wconf 78' lang='lat' dir='ltr'>saltus</span> <span class='ocrx_word' id='word_1_64' title='bbox 610 933 723 970; x_wconf 88' lang='lat' dir='ltr'>reficit</span> <span class='ocrx_word' id='word_1_65' title='bbox 740 935 814 985; x_wconf 78' lang='lat' dir='ltr'>jam</span> <span class='ocrx_word' id='word_1_66' title='bbox 834 933 974 970; x_wconf 81' lang='lat' dir='ltr'>roscida</span> <span class='ocrx_word' id='word_1_67' title='bbox 991 933 1090 978; x_wconf 86' lang='lat' dir='ltr'>luna,</span> 
     </span>
     <span class='ocr_line' id='line_1_11' title="bbox 186 999 1189 1050; baseline 0.001 -14"><span class='ocrx_word' id='word_1_68' title='bbox 186 999 408 1050; x_wconf 87' lang='lat' dir='ltr'>Littoraque</span> <span class='ocrx_word' id='word_1_69' title='bbox 429 999 602 1050; x_wconf 88' lang='lat' dir='ltr'>alcyonen</span> <span class='ocrx_word' id='word_1_70' title='bbox 622 1008 804 1043; x_wconf 86' lang='lat' dir='ltr'>resonant,</span> <span class='ocrx_word' id='word_1_71' title='bbox 832 999 1057 1036; x_wconf 86' lang='lat' dir='ltr'>acalanthida</span> <span class='ocrx_word' id='word_1_72' title='bbox 1077 999 1189 1037; x_wconf 86' lang='lat' dir='ltr'>dumi.</span> 
     </span>
     <span class='ocr_line' id='line_1_12' title="bbox 238 1065 1179 1116; baseline 0 -14"><span class='ocrx_word' id='word_1_73' title='bbox 238 1066 343 1114; x_wconf 83' lang='lat' dir='ltr'>Quid</span> <span class='ocrx_word' id='word_1_74' title='bbox 361 1065 427 1102; x_wconf 86' lang='lat' dir='ltr'>tibi</span> <span class='ocrx_word' id='word_1_75' title='bbox 447 1075 607 1115; x_wconf 85' lang='lat' dir='ltr'>pastores</span> <span class='ocrx_word' id='word_1_76' title='bbox 628 1065 787 1115; x_wconf 85' lang='lat' dir='ltr'>Libyae,</span> <span class='ocrx_word' id='word_1_77' title='bbox 816 1066 904 1116; x_wconf 91' lang='lat' dir='ltr'>quid</span> <span class='ocrx_word' id='word_1_78' title='bbox 924 1079 1057 1116; x_wconf 90' lang='lat' dir='ltr'>pascua</span> <span class='ocrx_word' id='word_1_79' title='bbox 1075 1077 1179 1103; x_wconf 78' lang='lat' dir='ltr'>versu</span> 
     </span>
     <span class='ocr_line' id='line_1_13' title="bbox 190 1132 1083 1183; baseline 0.001 -14"><span class='ocrx_word' id='word_1_80' title='bbox 190 1133 405 1182; x_wconf 88' lang='lat' dir='ltr'>Prosequar‚</span> <span class='ocrx_word' id='word_1_81' title='bbox 428 1141 464 1169; x_wconf 89' lang='lat' dir='ltr'>et</span> <span class='ocrx_word' id='word_1_82' title='bbox 484 1132 570 1169; x_wconf 69' lang='lat' dir='ltr'>iaris</span> <span class='ocrx_word' id='word_1_83' title='bbox 589 1133 754 1170; x_wconf 80' lang='lat' dir='ltr'>habitata</span> <span class='ocrx_word' id='word_1_84' title='bbox 774 1133 925 1183; x_wconf 85' lang='lat' dir='ltr'>mapalia</span> <span class='ocrx_word' id='word_1_85' title='bbox 945 1132 1052 1170; x_wconf 85' lang='lat' dir='ltr'>tectis</span> <span class='ocrx_word' id='word_1_86' title='bbox 1069 1133 1083 1170; x_wconf 83' lang='lat'>?</span> 
     </span>
     <span class='ocr_line' id='line_1_14' title="bbox 186 1198 1231 1249; baseline 0.001 -15"><span class='ocrx_word' id='word_1_87' title='bbox 186 1198 301 1247; x_wconf 87' lang='lat' dir='ltr'>Saepe</span> <span class='ocrx_word' id='word_1_88' title='bbox 317 1198 412 1235; x_wconf 88' lang='lat' dir='ltr'>diem</span> <span class='ocrx_word' id='word_1_89' title='bbox 427 1208 658 1249; x_wconf 89' lang='lat' dir='ltr'>noctemque,</span> <span class='ocrx_word' id='word_1_90' title='bbox 672 1208 709 1236; x_wconf 86' lang='lat' dir='ltr'>et</span> <span class='ocrx_word' id='word_1_91' title='bbox 725 1208 845 1236; x_wconf 88' lang='lat' dir='ltr'>toturn</span> <span class='ocrx_word' id='word_1_92' title='bbox 859 1213 903 1236; x_wconf 87' lang='lat' dir='ltr'>ex</span> <span class='ocrx_word' id='word_1_93' title='bbox 916 1200 1043 1236; x_wconf 85' lang='lat' dir='ltr'>ordine</span> <span class='ocrx_word' id='word_1_94' title='bbox 1058 1209 1231 1244; x_wconf 54' lang='lat' dir='ltr'>mensemff</span> 
     </span>
     <span class='ocr_line' id='line_1_15' title="bbox 185 1263 1151 1315; baseline 0.001 -15"><span class='ocrx_word' id='word_1_95' title='bbox 185 1263 353 1301; x_wconf 86' lang='lat' dir='ltr'>Pascitur</span> <span class='ocrx_word' id='word_1_96' title='bbox 371 1264 472 1313; x_wconf 83' lang='lat' dir='ltr'>itque</span> <span class='ocrx_word' id='word_1_97' title='bbox 502 1277 613 1313; x_wconf 90' lang='lat' dir='ltr'>pecus</span> <span class='ocrx_word' id='word_1_98' title='bbox 632 1263 741 1315; x_wconf 89' lang='lat' dir='ltr'>longa</span> <span class='ocrx_word' id='word_1_99' title='bbox 760 1264 795 1300; x_wconf 88' lang='lat' dir='ltr'>in</span> <span class='ocrx_word' id='word_1_100' title='bbox 815 1265 957 1301; x_wconf 90' lang='lat' dir='ltr'>deserta</span> <span class='ocrx_word' id='word_1_101' title='bbox 976 1264 1049 1301; x_wconf 89' lang='lat' dir='ltr'>sine</span> <span class='ocrx_word' id='word_1_102' title='bbox 1069 1263 1151 1301; x_wconf 72' lang='lat' dir='ltr'>ullis</span> 
     </span>
     <span class='ocr_line' id='line_1_16' title="bbox 187 1330 1165 1381; baseline -0.002 -12"><span class='ocrx_word' id='word_1_103' title='bbox 187 1330 398 1380; x_wconf 86' lang='lat' dir='ltr'>Hospitiis:</span> <span class='ocrx_word' id='word_1_104' title='bbox 429 1339 571 1367; x_wconf 85' lang='lat' dir='ltr'>tantum</span> <span class='ocrx_word' id='word_1_105' title='bbox 590 1330 706 1380; x_wconf 88' lang='lat' dir='ltr'>campi</span> <span class='ocrx_word' id='word_1_106' title='bbox 721 1332 830 1381; x_wconf 88' lang='lat' dir='ltr'>jacet.</span> <span class='ocrx_word' id='word_1_107' title='bbox 889 1330 1022 1368; x_wconf 88' lang='lat' dir='ltr'>Omnia</span> <span class='ocrx_word' id='word_1_108' title='bbox 1041 1343 1165 1368; x_wconf 84' lang='lat' dir='ltr'>secum</span> 
     </span>
     <span class='ocr_line' id='line_1_17' title="bbox 185 1395 1153 1447; baseline -0.001 -14"><span class='ocrx_word' id='word_1_109' title='bbox 185 1396 442 1433; x_wconf 81' lang='lat' dir='ltr'>Armentarius</span> <span class='ocrx_word' id='word_1_110' title='bbox 461 1395 561 1433; x_wconf 88' lang='lat' dir='ltr'>Afer</span> <span class='ocrx_word' id='word_1_111' title='bbox 578 1396 669 1447; x_wconf 84' lang='lat' dir='ltr'>agit,</span> <span class='ocrx_word' id='word_1_112' title='bbox 689 1405 916 1445; x_wconf 88' lang='lat' dir='ltr'>tectumque,</span> <span class='ocrx_word' id='word_1_113' title='bbox 931 1395 1153 1446; x_wconf 86' lang='lat' dir='ltr'>Laremque,</span> 
     </span>
     <span class='ocr_line' id='line_1_18' title="bbox 182 1461 1228 1513; baseline -0.001 -14"><span class='ocrx_word' id='word_1_114' title='bbox 182 1463 387 1512; x_wconf 89' lang='lat' dir='ltr'>Armaque,</span> <span class='ocrx_word' id='word_1_115' title='bbox 398 1461 719 1512; x_wconf 79' lang='lat' dir='ltr'>Amyclaeumque</span> <span class='ocrx_word' id='word_1_116' title='bbox 732 1476 870 1506; x_wconf 84' lang='lat' dir='ltr'>canem,</span> <span class='ocrx_word' id='word_1_117' title='bbox 886 1462 1126 1513; x_wconf 84' lang='lat' dir='ltr'>Cressamque</span> <span class='ocrx_word' id='word_1_118' title='bbox 1138 1462 1228 1513; x_wconf 77' lang='lat' dir='ltr'>pha-</span> 
     </span>
     <span class='ocr_line' id='line_1_19' title="bbox 183 1527 1227 1578; baseline -0.001 -12"><span class='ocrx_word' id='word_1_119' title='bbox 183 1528 269 1566; x_wconf 92' lang='lat' dir='ltr'>Non</span> <span class='ocrx_word' id='word_1_120' title='bbox 280 1542 381 1565; x_wconf 87' lang='lat' dir='ltr'>secus</span> <span class='ocrx_word' id='word_1_121' title='bbox 392 1542 432 1566; x_wconf 90' lang='lat' dir='ltr'>ac</span> <span class='ocrx_word' id='word_1_122' title='bbox 444 1528 571 1578; x_wconf 75' lang='lat' dir='ltr'>patriis</span> <span class='ocrx_word' id='word_1_123' title='bbox 579 1542 660 1565; x_wconf 90' lang='lat' dir='ltr'>acer</span> <span class='ocrx_word' id='word_1_124' title='bbox 675 1527 904 1565; x_wconf 85' lang='lat' dir='ltr'>Romanusin</span> <span class='ocrx_word' id='word_1_125' title='bbox 916 1528 1036 1572; x_wconf 84' lang='lat' dir='ltr'>armis,</span> <span class='ocrx_word' id='word_1_126' title='bbox 1061 1531 1227 1578; x_wconf 77' lang='lat' dir='ltr'>[retramz</span> 
     </span>
     <span class='ocr_line' id='line_1_20' title="bbox 185 1593 1109 1644; baseline 0 -13"><span class='ocrx_word' id='word_1_127' title='bbox 185 1595 327 1644; x_wconf 83' lang='lat' dir='ltr'>Injusto</span> <span class='ocrx_word' id='word_1_128' title='bbox 347 1595 413 1631; x_wconf 90' lang='lat' dir='ltr'>sub</span> <span class='ocrx_word' id='word_1_129' title='bbox 434 1593 529 1630; x_wconf 85' lang='lat' dir='ltr'>fasce</span> <span class='ocrx_word' id='word_1_130' title='bbox 549 1594 642 1630; x_wconf 85' lang='lat' dir='ltr'>viam</span> <span class='ocrx_word' id='word_1_131' title='bbox 661 1607 773 1644; x_wconf 87' lang='lat' dir='ltr'>quum</span> <span class='ocrx_word' id='word_1_132' title='bbox 793 1594 924 1643; x_wconf 85' lang='lat' dir='ltr'>carpit,</span> <span class='ocrx_word' id='word_1_133' title='bbox 953 1602 991 1631; x_wconf 90' lang='lat' dir='ltr'>et</span> <span class='ocrx_word' id='word_1_134' title='bbox 1011 1593 1109 1631; x_wconf 81' lang='lat' dir='ltr'>hosti</span> 
     </span>
     <span class='ocr_line' id='line_1_21' title="bbox 183 1659 1174 1710; baseline 0.001 -13"><span class='ocrx_word' id='word_1_135' title='bbox 183 1661 290 1697; x_wconf 85' lang='lat' dir='ltr'>Ante</span> <span class='ocrx_word' id='word_1_136' title='bbox 308 1668 560 1710; x_wconf 85' lang='lat' dir='ltr'>exspectatum</span> <span class='ocrx_word' id='word_1_137' title='bbox 580 1659 708 1709; x_wconf 86' lang='lat' dir='ltr'>positis</span> <span class='ocrx_word' id='word_1_138' title='bbox 728 1668 801 1696; x_wconf 87' lang='lat' dir='ltr'>stat</span> <span class='ocrx_word' id='word_1_139' title='bbox 820 1659 855 1695; x_wconf 90' lang='lat' dir='ltr'>in</span> <span class='ocrx_word' id='word_1_140' title='bbox 876 1659 1017 1710; x_wconf 88' lang='lat' dir='ltr'>agmine</span> <span class='ocrx_word' id='word_1_141' title='bbox 1036 1660 1174 1698; x_wconf 82' lang='lat' dir='ltr'>castris.</span> 
     </span>
     <span class='ocr_line' id='line_1_22' title="bbox 236 1725 1230 1777; baseline 0 -13"><span class='ocrx_word' id='word_1_142' title='bbox 236 1727 297 1764; x_wconf 86' lang='lat' dir='ltr'>At</span> <span class='ocrx_word' id='word_1_143' title='bbox 317 1740 401 1769; x_wconf 90' lang='lat' dir='ltr'>non,</span> <span class='ocrx_word' id='word_1_144' title='bbox 421 1739 492 1775; x_wconf 88' lang='lat' dir='ltr'>qua</span> <span class='ocrx_word' id='word_1_145' title='bbox 513 1725 689 1775; x_wconf 83' lang='lat' dir='ltr'>Scythiae</span> <span class='ocrx_word' id='word_1_146' title='bbox 709 1734 850 1776; x_wconf 88' lang='lat' dir='ltr'>gentes,</span> <span class='ocrx_word' id='word_1_147' title='bbox 870 1725 1106 1777; x_wconf 88' lang='lat' dir='ltr'>Maeotiaque</span> <span class='ocrx_word' id='word_1_148' title='bbox 1122 1728 1230 1772; x_wconf 64' lang='lat' dir='ltr'>unda,&#39;</span> 
     </span>
     <span class='ocr_line' id='line_1_23' title="bbox 183 1790 1111 1841; baseline -0.001 -11"><span class='ocrx_word' id='word_1_149' title='bbox 183 1791 374 1830; x_wconf 83' lang='lat' dir='ltr'>Turbidus</span> <span class='ocrx_word' id='word_1_150' title='bbox 392 1800 429 1828; x_wconf 90' lang='lat' dir='ltr'>et</span> <span class='ocrx_word' id='word_1_151' title='bbox 448 1801 620 1841; x_wconf 84' lang='lat' dir='ltr'>torquens</span> <span class='ocrx_word' id='word_1_152' title='bbox 640 1791 801 1828; x_wconf 86' lang='lat' dir='ltr'>flaventis</span> <span class='ocrx_word' id='word_1_153' title='bbox 821 1790 953 1829; x_wconf 89' lang='lat' dir='ltr'>Hister</span> <span class='ocrx_word' id='word_1_154' title='bbox 970 1806 1111 1836; x_wconf 67' lang='lat' dir='ltr'>arenasf</span> 
     </span>
     <span class='ocr_line' id='line_1_24' title="bbox 183 1856 1227 1908; baseline 0.002 -14"><span class='ocrx_word' id='word_1_155' title='bbox 183 1858 341 1908; x_wconf 83' lang='lat' dir='ltr'>Quaque</span> <span class='ocrx_word' id='word_1_156' title='bbox 360 1857 454 1894; x_wconf 88' lang='lat' dir='ltr'>redit</span> <span class='ocrx_word' id='word_1_157' title='bbox 469 1857 626 1894; x_wconf 90' lang='lat' dir='ltr'>medium</span> <span class='ocrx_word' id='word_1_158' title='bbox 644 1856 829 1907; x_wconf 87' lang='lat' dir='ltr'>Rhodope</span> <span class='ocrx_word' id='word_1_159' title='bbox 843 1867 1011 1907; x_wconf 84' lang='lat' dir='ltr'>porrecta</span> <span class='ocrx_word' id='word_1_160' title='bbox 1029 1858 1095 1895; x_wconf 85' lang='lat' dir='ltr'>sub</span> <span class='ocrx_word' id='word_1_161' title='bbox 1112 1871 1227 1897; x_wconf 87' lang='lat' dir='ltr'>axem.</span> 
     </span>
     <span class='ocr_line' id='line_1_25' title="bbox 184 1923 1180 1974; baseline 0.001 -13"><span class='ocrx_word' id='word_1_162' title='bbox 184 1924 266 1962; x_wconf 86' lang='lat' dir='ltr'>Illic</span> <span class='ocrx_word' id='word_1_163' title='bbox 286 1925 406 1962; x_wconf 89' lang='lat' dir='ltr'>clausa</span> <span class='ocrx_word' id='word_1_164' title='bbox 425 1933 550 1961; x_wconf 90' lang='lat' dir='ltr'>tenent</span> <span class='ocrx_word' id='word_1_165' title='bbox 570 1923 719 1961; x_wconf 84' lang='lat' dir='ltr'>stabulis</span> <span class='ocrx_word' id='word_1_166' title='bbox 738 1934 923 1969; x_wconf 84' lang='lat' dir='ltr'>armenta;</span> <span class='ocrx_word' id='word_1_167' title='bbox 953 1938 1068 1974; x_wconf 83' lang='lat' dir='ltr'>neque</span> <span class='ocrx_word' id='word_1_168' title='bbox 1088 1925 1180 1962; x_wconf 88' lang='lat' dir='ltr'>ullae</span> 
     </span>
     <span class='ocr_line' id='line_1_26' title="bbox 183 1991 1196 2041; baseline 0 -12"><span class='ocrx_word' id='word_1_169' title='bbox 183 1993 270 2030; x_wconf 85' lang='lat' dir='ltr'>Aut</span> <span class='ocrx_word' id='word_1_170' title='bbox 287 1991 418 2028; x_wconf 88' lang='lat' dir='ltr'>herbae</span> <span class='ocrx_word' id='word_1_171' title='bbox 439 2004 568 2041; x_wconf 90' lang='lat' dir='ltr'>campo</span> <span class='ocrx_word' id='word_1_172' title='bbox 588 1999 775 2041; x_wconf 85' lang='lat' dir='ltr'>apparent,</span> <span class='ocrx_word' id='word_1_173' title='bbox 795 2000 858 2027; x_wconf 89' lang='lat' dir='ltr'>aut</span> <span class='ocrx_word' id='word_1_174' title='bbox 877 1992 1004 2028; x_wconf 90' lang='lat' dir='ltr'>arbore</span> <span class='ocrx_word' id='word_1_175' title='bbox 1024 1991 1196 2029; x_wconf 73' lang='lat' dir='ltr'>frondes:</span> 
     </span>
     <span class='ocr_line' id='line_1_27' title="bbox 185 2052 1042 2109; baseline -0.001 -14"><span class='ocrx_word' id='word_1_176' title='bbox 185 2052 259 2096; x_wconf 90' lang='lat' dir='ltr'>Sed</span> <span class='ocrx_word' id='word_1_177' title='bbox 272 2060 368 2109; x_wconf 87' lang='lat' dir='ltr'>jacet</span> <span class='ocrx_word' id='word_1_178' title='bbox 387 2057 584 2108; x_wconf 85' lang='lat' dir='ltr'>aggeribus</span> <span class='ocrx_word' id='word_1_179' title='bbox 604 2056 713 2093; x_wconf 83' lang='lat' dir='ltr'>niveis</span> <span class='ocrx_word' id='word_1_180' title='bbox 731 2055 893 2093; x_wconf 82' lang='lat' dir='ltr'>informis</span> <span class='ocrx_word' id='word_1_181' title='bbox 911 2066 949 2094; x_wconf 90' lang='lat' dir='ltr'>et</span> <span class='ocrx_word' id='word_1_182' title='bbox 967 2057 1042 2095; x_wconf 90' lang='lat' dir='ltr'>alto</span> 
     </span>
     <span class='ocr_line' id='line_1_28' title="bbox 183 2123 1110 2175; baseline 0.002 -15"><span class='ocrx_word' id='word_1_183' title='bbox 183 2123 299 2160; x_wconf 87' lang='lat' dir='ltr'>Terra</span> <span class='ocrx_word' id='word_1_184' title='bbox 317 2123 402 2175; x_wconf 80' lang='lat' dir='ltr'>gelu</span> <span class='ocrx_word' id='word_1_185' title='bbox 420 2123 504 2167; x_wconf 90' lang='lat' dir='ltr'>late,</span> <span class='ocrx_word' id='word_1_186' title='bbox 525 2132 733 2173; x_wconf 89' lang='lat' dir='ltr'>septemque</span> <span class='ocrx_word' id='word_1_187' title='bbox 753 2124 910 2174; x_wconf 85' lang='lat' dir='ltr'>assurgit</span> <span class='ocrx_word' id='word_1_188' title='bbox 929 2124 965 2161; x_wconf 90' lang='lat' dir='ltr'>in</span> <span class='ocrx_word' id='word_1_189' title='bbox 986 2124 1083 2162; x_wconf 81' lang='lat' dir='ltr'>ulnas</span> <span class='ocrx_word' id='word_1_190' title='bbox 1101 2140 1110 2162; x_wconf 77' lang='grc' dir='ltr'><strong><em>ε</em></strong></span> 
     </span>
     <span class='ocr_line' id='line_1_29' title="bbox 185 2179 1138 2242; baseline 0 -16"><span class='ocrx_word' id='word_1_191' title='bbox 185 2189 334 2238; x_wconf 85' lang='lat' dir='ltr'>Semper</span> <span class='ocrx_word' id='word_1_192' title='bbox 352 2189 478 2234; x_wconf 88' lang='lat' dir='ltr'>hiems,</span> <span class='ocrx_word' id='word_1_193' title='bbox 499 2203 638 2240; x_wconf 88' lang='lat' dir='ltr'>semper</span> <span class='ocrx_word' id='word_1_194' title='bbox 656 2189 832 2240; x_wconf 87' lang='lat' dir='ltr'>spirantes</span> <span class='ocrx_word' id='word_1_195' title='bbox 852 2189 989 2242; x_wconf 80' lang='lat' dir='ltr'>frigora</span> <span class='ocrx_word' id='word_1_196' title='bbox 1007 2179 1138 2228; x_wconf 72' lang='lat' dir='ltr'>Cauri.‘</span> 
     </span>
    </p>
   </div>
   <div class='ocr_carea' id='block_1_3' title="bbox 239 2254 754 2293">
    <p class='ocr_par' dir='ltr' id='par_1_3' title="bbox 239 2254 754 2293">
     <span class='ocr_line' id='line_1_30' title="bbox 239 2254 754 2293; baseline 0.004 -3"><span class='ocrx_word' id='word_1_197' title='bbox 239 2254 355 2292; x_wconf 72' lang='lat' dir='ltr'>Tom.</span> <span class='ocrx_word' id='word_1_198' title='bbox 388 2257 420 2293; x_wconf 88' lang='grc' dir='ltr'>Ι.</span> <span class='ocrx_word' id='word_1_199' title='bbox 709 2255 754 2293; x_wconf 92' lang='lat' dir='ltr'><strong>M</strong></span> 
     </span>
    </p>
   </div>
  </div>
 </body>
</html>
