1493 2605
297 341 372 382 i7s
542 321 551 330 ⁸
598 340 897 379 AENEmos
954 341 1035 379 111.
1224 356 1258 381 v.
1276 343 1340 384 47.

293 453 394 492 Tum
414 467 512 497 vero,
541 452 689 502 ancipiti
720 461 875 489 mentem
896 451 1084 490 formidine
1103 467 1260 503 pressus,

296 521 946 570 Obstupui,steteruntquecomae,et
955 534 1022 556 vox
1037 519 1201 557 faucibus
1213 520 1339 558 haesit.

294 585 410 624 Hunc
425 585 756 636 Polydorum,auri,
769 585 963 635 quondam,
975 600 1057 623 cum
1071 587 1229 636 pondere
1242 600 1343 638 mag-

296 651 427 689 Infclix
451 652 613 689 Priamus
632 651 756 688 furtim
777 651 960 689 mandarat
981 652 1144 690 alendum
1257 655 1341 704 [no,

294 718 470 756 Threicio
490 718 566 769 regi
585 734 595 763 ;
625 731 736 768 quum
752 720 824 769 jam
844 717 1022 755 diffideret
1041 719 1147 756 armis

296 784 519 828 Dardaniae,
538 784 711 836 cingique
733 785 855 821 urbem
876 784 1062 821 obsidione
1085 785 1233 822 videret.

297 850 379 896 Ille,
409 861 449 888 ut
468 865 556 901 opes
575 851 711 888 fractae
732 851 918 889 Teucrum
945 860 982 888 et
1001 851 1163 888 Fortuna
1182 852 1345 896 recessit,

298 918 374 956 Res
396 918 707 969 Agamemnonias
727 917 958 967 victriciaque
979 931 1075 954 arma
1093 927 1250 962 secutus,

295 984 366 1022 Fas
385 998 490 1021 omne
506 984 688 1034 abrumpit
709 999 717 1021 :
744 983 966 1034 Polydorum
981 985 1190 1030 obtruncat,
1205 995 1241 1023 et
1254 999 1343 1023 auro

294 1051 343 1088 Vi
364 1051 518 1100 potitur.
549 1050 649 1100 Quid
670 1064 738 1087 non
760 1050 923 1087 mortalia
944 1060 1093 1100 pectora
1117 1052 1235 1102 cogis,

295 1117 398 1155 Auri
418 1130 516 1155 sacra
535 1116 645 1154 fames
663 1120 670 1154 !
706 1117 905 1167 Postquam
927 1131 1038 1167 pavor
1056 1131 1136 1154 ossa
1159 1117 1317 1168 reliquit,

297 1184 477 1222 Delectos
493 1183 620 1234 populi
636 1184 679 1220 ad
700 1197 879 1233 proceres,
899 1183 1126 1234 primumque
1146 1194 1344 1234 parentem,

297 1250 469 1289 Monstra
488 1251 595 1288 deum
615 1249 745 1294 refero,
765 1260 816 1294 et,
838 1263 927 1302 quae
943 1251 987 1287 sit
1009 1251 1197 1294 sententia,
1217 1265 1342 1301 posco.

297 1317 480 1355 Omnibus
499 1317 594 1354 idem
614 1317 764 1360 animus,
784 1316 954 1354 scelerata
974 1317 1148 1354 excedere
1167 1326 1289 1362 terra;

296 1383 437 1434 Linqui
447 1383 628 1433 pollutum
642 1383 853 1433 hospitium,
862 1392 899 1420 et
913 1384 996 1420 dare
1007 1382 1179 1420 classibus
1189 1392 1342 1421 austros.

297 1449 403 1501 Ergo
423 1450 661 1486 instauramus
683 1450 870 1497 Polydoro
890 1449 1013 1494 funus,
1036 1459 1073 1487 et
1093 1449 1221 1501 ingens

295 1517 509 1568 Aggeritur
527 1516 668 1554 tumulo
689 1516 795 1553 tellus
810 1531 819 1554 ε
843 1525 938 1554 stant
955 1516 1128 1554 Manibus
1146 1530 1240 1562 arae,

295 1583 479 1621 Caeruleis
498 1592 656 1620 moestae
676 1583 787 1627 vittis,
816 1592 964 1632 atraque
984 1596 1155 1632 cupresso
1173 1598 1188 1628 3-

297 1651 348 1689 Et
371 1651 506 1688 circum
530 1650 674 1694 Iliades,
695 1651 830 1687 crinem
851 1650 895 1686 de
914 1663 1013 1687 more
1033 1649 1183 1688 solutae.

296 1717 491 1754 Inferimus
511 1717 638 1766 tepido
658 1716 859 1766 spumantia
878 1716 1023 1767 cymbia
1040 1716 1147 1760 lacte,

298 1784 493 1835 Sanguinis
512 1792 551 1820 et
569 1784 660 1820 sacri
689 1792 854 1833 pateras;
883 1783 1109 1833 animamque
1128 1783 1293 1834 sepulcro

295 1851 510 1894 Condimus,
538 1859 576 1887 et
596 1862 726 1901 magna
745 1863 951 1900 supremum
970 1863 1058 1887 voce
1077 1851 1226 1888 ciemus.

353 1917 458 1960 Inde,
490 1917 550 1953 ubi
570 1917 684 1967 prima
703 1917 791 1954 fides
811 1916 956 1967 pelago,
975 1916 1191 1966 placataque
1211 1918 1307 1955 venti

296 1983 403 2020 Dant
415 1982 539 2025 maria,
551 1991 588 2019 et
603 1981 691 2019 lenis
706 1982 886 2032 crepitans
898 1991 1004 2019 vocat
1015 1982 1158 2019 Auster
1170 1983 1205 2019 in
1219 1983 1350 2027 altum,

295 2049 501 2087 Deducunt
520 2048 607 2086 socii
627 2049 737 2093 navis,
764 2059 802 2085 et
819 2048 945 2085 littora
963 2049 1161 2098 complent.

297 2115 538 2153 Provehimur
570 2126 681 2165 portu
699 2131 708 2154 ε
739 2124 927 2165 terraeque
943 2116 1122 2166 urbesque
1141 2117 1328 2155 recedunt,

351 2184 473 2226 Sacra,
498 2181 586 2217 mari
607 2180 742 2218 colitur
761 2180 880 2218 medio
901 2182 1103 2233 gratssima
1122 2182 1242 2230 tellus,

298 2246 495 2285 Nereidum
514 2249 634 2293 matri,
653 2255 690 2284 et
711 2246 890 2297 Neptuno
909 2248 1091 2300 Aegaeo:
