1529 2693
249 337 306 374 viii
601 337 944 376 PRAEFATIO

249 449 390 499 scripti,
421 458 499 486 turn
535 450 712 500 impressi,
742 459 906 493 tuentur,
936 464 980 488 ve
1009 450 1118 487 etiam
1150 449 1184 487 iu
1218 464 1306 488 con-

247 528 391 554 textum
413 518 550 567 reecpit
570 531 580 555 ε
604 517 713 566 idque
734 526 861 554 contra
876 517 965 554 artis
985 516 1132 554 criticae
1145 518 1304 569 regulas.

249 584 385 622 Lectio
401 584 492 621 enim
511 583 658 635 vulgata
675 597 745 620 uon
767 583 920 620 librariis
942 583 1130 622 referenda
1151 585 1307 631 videtur,

247 652 308 701 qui
332 651 449 689 minus
478 651 627 688 usitatas
646 664 682 688 et
713 651 941 689 obscuriores
969 650 1141 701 loquendi
1172 653 1306 695 formas

246 718 281 754 iu
303 718 507 756 usitatiores
535 728 571 755 et
602 717 717 769 magis
746 717 954 768 perspicuas
983 727 1124 755 mutare
1157 718 1304 765 solent3

245 799 316 821 non
339 785 544 822 usitatiores
565 785 598 821 in
619 785 736 823 minus
758 785 922 823 usitatas.

300 852 343 889 In
365 852 458 889 libro
478 861 612 902 quarto
633 852 837 897 Aeneidos,
859 851 1039 904 Virgilius
1055 851 1105 889 ita
1126 852 1304 890 describit

243 919 486 963 Mercurium,
516 919 618 957 coelo
639 919 847 964 demissum,
881 929 932 964 et,
954 934 1019 970 per
1038 922 1171 965 aerem,
1194 921 1302 972 juxta

236 987 357 1034 littus,
387 987 650 1039 Carthaginem
669 1000 792 1025 versus
811 986 993 1024 volantem
1014 1002 1024 1025 :

241 1093 320 1130 Hic
340 1093 496 1143 primum
516 1093 664 1142 paribus
686 1093 802 1129 nitens
823 1091 1017 1143 Cyllenius
1037 1093 1102 1130 alis

239 1159 444 1198 Constitit:
477 1159 559 1196 hinc
579 1168 662 1196 toto
684 1173 857 1210 praeceps
879 1173 915 1197 se
936 1174 1093 1210 corpore
1112 1160 1158 1197 ad
1179 1161 1294 1198 undas

238 1227 346 1265 Misit
365 1243 374 1272 3
405 1226 461 1263 avi
481 1226 618 1271 similis,
647 1239 739 1276 quae
759 1226 897 1264 circum
917 1225 1058 1272 littora,
1078 1227 1215 1265 circum

240 1294 410 1333 Piscosos
431 1292 616 1343 scopulos,
645 1291 791 1329 humilis
811 1290 910 1329 volat
930 1306 1087 1343 aequora
1102 1296 1226 1345 juxta.

238 1360 358 1398 Haud
377 1360 481 1396 aliter
499 1370 613 1396 terras
633 1358 727 1396 inter
747 1359 964 1410 coelumque
987 1359 1132 1397 volabat
1153 1377 1164 1407 ;

239 1429 369 1466 Littus
389 1441 577 1465 arenosum
598 1426 745 1477 Libyae
765 1435 967 1478 ventosque
987 1428 1133 1466 secabat

238 1495 410 1532 Materno
432 1494 575 1532 veniens
593 1495 638 1532 ab
660 1508 728 1531 avo
749 1494 918 1545 Cyllenia
938 1495 1071 1546 proles.
1136 1510 1168 1534 ν.
1201 1499 1290 1536 252.

258 1646 336 1677 crgo
354 1635 410 1665 has
423 1633 556 1676 junxit?
582 1644 655 1665 cum
680 1644 744 1664 non
777 1640 964 1676 utrumque,
991 1635 1046 1666 sed
1075 1634 1271 1669 alterutrum

257 1692 326 1726 ficri
345 1700 483 1734 poterat,
508 1692 595 1734 quod
613 1691 817 1723 suadebatur.
870 1693 1045 1723 Poetarum
1071 1700 1117 1724 est
1146 1701 1274 1735 partem

255 1761 314 1793 pro
331 1758 421 1793 parte
439 1760 557 1791 ponere
573 1761 581 1787 ;
599 1757 633 1781 ut
651 1757 767 1781 torvum
781 1760 840 1791 pro
857 1757 951 1786 torve,
966 1757 996 1780 et
1011 1751 1192 1781 volventhus
1210 1761 1271 1792 pro

254 1809 436 1840 volubilibus.
484 1807 754 1849 Conjunctionem
774 1817 852 1849 ergo
879 1817 939 1849 pro
965 1807 1192 1849 conjunctione
1208 1818 1267 1850 po-

253 1869 328 1905 suit,
343 1867 449 1909 [Itane
466 1865 623 1908 Virgilius
636 1864 664 1908 ?]
682 1873 717 1896 ut
731 1865 774 1896 vl.
791 1864 866 1897 616.
903 1866 1016 1896 Saxum
1029 1868 1126 1908 ingens
1145 1868 1269 1898 volvunt

253 1927 318 1960 alii,
344 1926 509 1964 radiisque
525 1930 666 1960 rotarum,
682 1923 715 1954 id
732 1931 779 1954 est
791 1936 844 1965 que
858 1933 917 1965 pro
933 1936 990 1958 ve,-
1011 1933 1086 1953 nam
1099 1924 1265 1955 sonantius

255 1983 357 2014 visum
375 1982 452 2013 est.''
478 1981 698 2023 Reperiuntur
715 1980 847 2022 quidem
863 1980 1024 2012 Servianis
1041 1987 1164 2011 assuta:
1190 1983 1270 2012 anti-

253 2056 307 2084 qua
325 2049 416 2072 lamen
433 2042 612 2082 exemplaria
629 2049 668 2070 ve
680 2040 784 2069 habere
798 2041 996 2069 inveniuntur.
1022 2037 1083 2069 Sed
1100 2037 1178 2069 haec
1195 2049 1270 2081 pos.

254 2099 384 2136 teriora,
403 2097 565 2140 prioribus
581 2106 695 2139 parum
714 2095 949 2133 convenientia,
965 2095 1117 2126 videntur
1138 2095 1266 2128 aliunde

253 2157 392 2193 insertam
430 2156 461 2187 id
485 2155 571 2197 quod
600 2153 702 2185 Servii
731 2153 983 2190 commentariis,
1005 2153 1175 2195 permultis
1197 2153 1274 2196 aliis,
1301 2195 1305 2199 ἱ

254 2214 342 2251 locis,
357 2214 474 2244 evenit.
501 2212 578 2243 Vid.
606 2214 710 2243 Burm.
743 2213 882 2253 Praefat.
901 2213 991 2254 Virg-
1034 2211 1149 2255 Neque
1183 2212 1267 2244 Bur-

254 2282 389 2303 mannus
405 2281 507 2312 neque
533 2270 597 2313 ipse
616 2269 764 2311 Heynius
791 2269 895 2302 Servii
923 2268 1119 2302 verba-aut
1142 2272 1283 2313 diy‘unca'

253 2329 440 2362 tiva—satis
457 2328 647 2362 intellexisse
666 2328 825 2361 videntur.
