1493 2605
195 319 230 342 ν.
249 305 340 345 579.
502 300 804 342 AENEIDOS
862 302 935 340 IV.
1172 305 1252 340 2291

197 416 346 455 Dextra
365 413 470 452 feras.
501 414 611 452 Dixit
627 430 638 460 3
660 413 860 465 vaginaque
878 412 987 464 eripit
1006 427 1127 451 ensem

199 482 441 524 Fulmineum,
471 482 675 531 strictoque
695 480 780 518 ferit
800 479 997 518 retinacula
1017 480 1126 518 ferro.

198 549 301 586 Idem
308 548 422 586 omnis
433 548 539 585 simul
551 548 659 585 ardor
668 548 799 593 habet;
813 548 1246 597 rapiuntque‚ruuntque:

196 615 347 654 Littora
366 616 579 653 deseruere:
612 614 701 652 latet
722 615 788 652 sub
809 613 983 651 classibus
1002 628 1165 664 aequor:

194 682 340 721 Adnixi
359 690 535 732 torquent
556 695 712 733 spumas,
732 692 769 719 et
789 681 932 719 caerula
951 689 1112 718 verrunt.

246 750 299 787 Et
314 752 389 802 jam
407 749 523 800 prima
542 763 636 785 novo
655 749 853 800 spargebat
880 748 1015 786 lumine
1036 757 1162 793 terras,

195 815 353 854 Tithoni
372 829 540 853 croceum
560 814 739 865 linquens,
759 817 924 859 Aurora,
943 815 1064 853 cubile
1082 831 1092 854 z

196 884 340 935 Regina
357 897 378 921 e
397 881 551 932 speculis
571 891 612 919 ut
631 882 788 932 primum
803 881 984 919 albescere
1003 881 1123 919 lucem

193 950 313 993 Vidit,
331 959 368 987 et
387 950 549 999 aequatis
568 949 716 986 classem
735 949 934 1000 procedere
953 947 1055 992 velis,

193 1016 415 1067 Littoraque
432 1026 471 1054 et
489 1029 622 1053 vacuos
642 1015 752 1053 sensit
771 1015 844 1052 sine
861 1015 997 1066 remige
1017 1023 1147 1065 portus
1162 1031 1174 1061 ;

193 1083 345 1134 Terque
364 1092 565 1133 quaterque
594 1096 701 1119 manu
721 1090 849 1132 pectus
869 1096 1038 1132 percussa
1057 1083 1247 1128 decorum,

194 1149 449 1200 Flaventisque
469 1149 625 1187 abscissa
644 1163 779 1193 comas,
801 1149 874 1187 Pro
893 1149 1065 1199 Jupiter!
1090 1148 1160 1186 ibit

193 1217 286 1261 Hic,
306 1216 370 1261 ait,
390 1225 427 1254 et
447 1217 578 1254 nostris
597 1215 748 1253 illuserit
767 1216 904 1253 advena
921 1215 1040 1266 regnis
1057 1217 1070 1253 ἓ

193 1283 279 1322 Non
300 1297 398 1320 arma
417 1283 625 1333 expedient,
646 1292 799 1333 totaque
819 1296 863 1320 ex
883 1283 972 1320 urbe
992 1289 1214 1332 sequentur;

192 1351 463 1401 Deripientque
483 1360 578 1388 rates
597 1350 656 1387 alii
684 1349 868 1388 navalibus
886 1351 899 1387 ?
929 1350 1002 1394 Ite,

192 1419 301 1456 Ferte
320 1418 385 1455 citi
403 1418 575 1461 flammas,
595 1417 679 1454 date
698 1416 788 1461 vela,
809 1416 984 1466 impellite
1004 1430 1190 1454 remos.—

191 1484 294 1535 Quid
308 1483 454 1534 loquor?
468 1493 531 1520 aut
543 1484 604 1520 ubi
616 1485 710 1522 sum?
725 1485 830 1534 Quae
846 1493 1002 1521 mentem
1017 1484 1150 1522 insania
1163 1499 1242 1523 mu-

193 1551 326 1589 Infelix
340 1551 463 1589 Dido!
483 1565 578 1588 nunc
589 1560 627 1588 te
640 1551 739 1588 facta
751 1551 860 1600 impia
874 1552 1053 1602 tangunt?
1086 1554 1164 1602 [tat
1174 1553 1247 1590 ?--·

190 1618 292 1656 Tum
307 1619 443 1662 decuit,
456 1631 570 1668 quum
585 1626 728 1668 sceptra
739 1617 980 1655 dabas.—En
993 1617 1122 1654 dextra
1135 1618 1242 1656 fides-

189 1686 313 1734 Quem
332 1699 453 1722 secum
476 1684 614 1735 patrios
632 1685 732 1722 aiunt
748 1693 893 1734 portare
910 1683 1055 1721 Penatis
1074 1686 1082 1722 !
1123 1688 1234 1735 [quel

189 1754 225 1803 Q
231 1767 311 1790 uem
319 1752 701 1789 subiissehumeriscon
707 1750 844 1788 fectum
856 1760 974 1788 aetate
980 1755 1179 1801 parentem!
1187 1776 1238 1783 --

188 1819 274 1856 Non
293 1818 401 1869 potui
422 1819 614 1869 abreptum
634 1818 806 1856 divellere
826 1832 972 1867 corpus,
992 1827 1031 1855 et
1050 1819 1156 1855 undis

190 1885 370 1936 Spargere
388 1886 401 1923 ?
428 1899 500 1921 non
520 1884 651 1929 socios,
677 1899 748 1921 non
768 1884 889 1934 ipsum
907 1885 1094 1922 absumere
1113 1885 1211 1923 ferro

186 1951 406 1996 Ascanium,
426 1951 624 2003 patriisque
639 1951 859 2001 epulandum
878 1966 1012 2002 ponere
1032 1952 1237 1991 mensis?—

188 2018 326 2055 Verum
345 2031 477 2068 anceps
497 2031 641 2069 pugnae
667 2017 786 2055 fuerat
805 2016 1152 2071 fortuna—Fuisset
1169 2034 1181 2065 ;

187 2084 309 2134 Quem
329 2085 442 2122 metui
462 2084 636 2121 moritura
653 2085 665 2123 ἒ
687 2085 800 2122 Faces
815 2084 850 2121 in
870 2094 988 2122 castra
1007 2084 1181 2130 tulissem,

187 2149 471 2200 Implessemque
492 2150 590 2188 foros
610 2151 774 2196 flammis,
805 2160 1003 2201 natumque
1021 2162 1234 2201 patremque

187 2215 281 2254 Cum
294 2230 424 2268 genere
433 2217 648 2265 exstinxem,
662 2226 794 2257 memet
806 2232 916 2269 super
926 2218 1004 2272 ipsa
1014 2219 1233 2258 dedissem.-
