1493 2605
164 119 222 178 θ

227 273 263 296 v.
282 261 373 299 215.
564 258 866 298 AENEIDOS
926 260 982 297 ΙΙ.
1217 262 1292 302 155

227 370 416 420 Implicat,
444 379 481 407 et
502 370 650 408 miseros
669 385 792 408 morsu
812 363 1024 421 depascitur
1049 379 1149 409 artus
1169 386 1179 410 :

227 437 333 481 Post,
354 437 488 487 ipsum,
509 438 643 474 auxilio
664 439 880 476 subeuntem
900 452 941 475 ac
961 437 1033 475 tela
1054 437 1241 484 ferentem,

226 503 456 553 Corripiunt‚
487 503 663 554 spirisque
684 503 797 554 ligant
829 504 1061 554 ingentibus;
1091 513 1128 541 et
1143 507 1233 555 jam,

224 570 288 608 Bis
308 571 466 607 medium
486 571 659 621 amplexi,
691 571 745 607 bis
766 569 862 607 collo
880 584 1049 621 squamea
1068 572 1207 608 circum

223 636 353 689 Terga
373 638 464 681 dati,
494 648 668 688 superant
697 638 830 688 capite,
858 647 895 674 et
915 638 1117 675 cervicibus
1136 637 1229 676 altis.

222 703 293 741 Ille
313 705 420 741 simul
441 705 608 743 manibus
627 704 745 742 tendit
766 703 933 742 divellere
952 705 1081 750 nodos,

221 770 395 808 Perfusus
416 772 514 809 sanie
536 771 646 809 vittas
667 781 821 822 atroque
842 785 1002 815 veneno;

220 836 410 875 Clamores
429 838 536 875 simul
556 839 756 877 horrendos
777 839 822 875 ad
842 838 956 875 sidera
976 837 1073 875 tollit
1093 854 1102 877 :

220 903 350 954 Qualis
370 905 547 956 mugitus,
577 905 676 958 fugit
698 919 812 956 quum
832 905 974 942 saucius
994 918 1091 941 aram

226 969 388 1014 Taurus,
416 980 454 1008 et
473 971 648 1009 incertam
666 972 826 1009 excussit
846 971 984 1009 cervice
1004 970 1170 1008 securim.

219 1038 281 1074 At
301 1038 435 1089 gemini
455 1038 557 1088 lapsu
577 1037 727 1075 delubra
747 1039 793 1075 ad
812 1052 950 1075 summa
970 1038 1143 1075 dracones

218 1104 434 1156 Effugiunt‚
465 1119 662 1156 saevaeque
682 1114 816 1156 petunt
835 1105 1041 1143 Tritonidis
1061 1118 1179 1142 arcem
1196 1120 1208 1149 ;

220 1171 298 1208 Sub
319 1172 547 1223 pedibusque
564 1173 665 1217 deae,
685 1171 867 1223 clipeique
883 1175 949 1208 sub
965 1172 1066 1213 orbe,
1083 1180 1273 1222 teguntur.

217 1237 320 1275 Tum
338 1253 421 1276 vero
441 1239 658 1276 tremefacta
676 1253 791 1276 novus
810 1253 875 1288 per
893 1249 1043 1287 pectora
1062 1239 1202 1276 cunctis

217 1304 384 1342 Insinuat
403 1319 541 1356 pavor;
569 1314 608 1343 et
628 1305 744 1342 scelus
764 1305 977 1355 expendisse
998 1315 1195 1343 merentem

215 1370 437 1409 Laocoonta
456 1371 592 1416 ferunt,
623 1386 764 1410 sacrum
784 1373 846 1422 qui
868 1372 1016 1422 cuspide
1036 1373 1148 1408 robur

215 1437 397 1482 Laeserit,
424 1448 462 1475 et
481 1448 589 1490 tergo
611 1439 822 1476 sceleratam
841 1439 1023 1475 intorserit
1044 1438 1196 1476 hastam.

215 1504 441 1542 Ducendum
461 1506 508 1542 ad
527 1506 627 1543 sedes
648 1506 892 1550 simulacrum,
916 1506 1121 1556 orandaque
1141 1507 1243 1543 divae

215 1571 388 1616 Numina,
417 1572 661 1610 conclamant.

213 1637 425 1675 Dividimus
445 1653 582 1683 muros,
601 1649 640 1677 et
659 1640 800 1676 moenia
819 1639 1010 1689 pandimus
1030 1639 1141 1677 urbis.

212 1704 434 1756 Accingunt
453 1719 577 1744 omnes
597 1707 712 1757 operi,
734 1707 958 1757 pedibusque
979 1715 1141 1743 rotarum

215 1771 423 1822 Subjiciunt
443 1773 579 1824 lapsus,
608 1784 645 1811 et
665 1784 819 1824 stuppea
841 1772 981 1810 vincula
1011 1773 1108 1810 collo

213 1838 432 1877 lntendunt.
493 1840 645 1878 Scandit
666 1840 785 1888 fatalis
805 1840 969 1877 machina
988 1853 1122 1884 muros,

213 1904 306 1942 Feta
325 1906 443 1943 armis.
502 1907 611 1945 Pueri
629 1908 781 1951 circum,
808 1907 1054 1957 innuptaeque
1072 1905 1226 1957 puellae,

213 1972 324 2009 Sacra
342 1983 492 2017 canunt,
507 1973 703 2025 funemque
720 1989 826 2011 manu
842 1975 1055 2025 contingere
1071 1976 1246 2024 gaudent.

212 2037 285 2076 Illa
303 2040 416 2084 subit,
445 2041 655 2092 mediaeque
676 2041 812 2078 minans
831 2040 993 2077 illabitur
1013 2041 1105 2078 urbi.

212 2105 250 2143 Ο
272 2106 388 2156 patria
403 2109 411 2144 !
435 2121 472 2151 o,
489 2108 610 2145 divum
626 2109 768 2150 domus,
786 2107 913 2145 Ilium!
937 2117 988 2151 et,
1004 2107 1141 2145 incluta
1154 2108 1265 2153 bello,

210 2169 363 2210 Moenia
382 2173 638 2213 Dardanidum
655 2178 663 2213 !
697 2185 827 2225 quater
844 2174 925 2225 ipso
944 2187 980 2212 in
998 2173 1119 2212 limine
1137 2185 1265 2226 portae

691 2243 788 2281 U2
