1493 2605
161 356 195 379 v.
218 342 308 379 355.
468 335 770 394 AENEIDOS
828 335 900 372 IV.
1135 336 1212 373 215

162 452 285 501 Quem
304 461 418 500 regno
440 447 640 497 Hesperiae
660 446 804 490 fraudo,
831 454 869 483 et
889 444 1059 482 fatalibus
1079 444 1183 482 arvis.

163 517 273 555 Nunc
292 515 400 553 etiam
419 513 596 564 interpres
616 514 751 556 divom,
770 513 862 550 Jove
877 511 1005 548 missus
1024 511 1068 548 ab
1089 510 1184 560 ipso,

166 582 330 636 (Testor
348 590 543 630 utrumque
564 580 696 630 caput)
715 578 840 616 celeris
852 578 1021 615 mandata
1033 592 1098 628 per
1110 591 1212 615 auras

161 648 327 688 Detulit.
360 647 445 696 lpse
464 646 571 683 deum
591 644 783 682 manifesto
803 645 838 681 in
858 644 990 681 lumine
1007 644 1078 680 vidi

164 716 368 753 Intrantem
389 726 523 756 muros,
552 725 749 761 vocemque
768 712 824 748 his
850 711 995 748 auribus
1014 709 1129 747 hausi.

162 782 302 821 Desine
321 794 451 831 meque
470 779 542 816 tuis
561 778 767 822 incendere,
797 787 920 828 teque,
940 776 1115 827 querelis:

164 847 308 885 Italiam
329 860 399 883 non
428 854 556 897 sponte
575 858 719 894 sequor.

216 914 324 953 Talia
342 913 521 951 dicentem
536 911 750 963 jamdudum
770 923 892 947 aversa
914 918 1052 955 tuetur,

163 980 254 1018 Huc
273 980 358 1017 illuc
380 978 524 1016 volvens
542 977 686 1021 oculos,
711 986 906 1028 totumque
926 985 1088 1026 pererrat

162 1047 383 1085 Luminibus
402 1045 536 1089 tacitis,
563 1053 600 1082 et
621 1045 670 1081 sic
690 1057 838 1080 accensa
857 1042 1050 1094 profatur:

162 1113 242 1151 Nec
263 1113 330 1150 tibi
350 1112 430 1149 diva
449 1125 588 1161 parens,
608 1110 748 1162 generis
761 1124 827 1147 nec
848 1110 1046 1147 Dardanus
1065 1117 1208 1154 auctor,

163 1180 305 1218 Perfide
321 1195 332 1225 ;
362 1180 425 1216 sed
444 1179 541 1216 duris
560 1178 687 1230 genuit
717 1187 753 1215 te
772 1178 938 1215 cautibus
957 1177 1105 1214 horrens

163 1247 361 1291 Caucasus,
382 1245 653 1296 Hyrcanaeque
672 1245 866 1282 admorunt
885 1244 995 1281 ubera
1013 1244 1137 1294 tigres.

163 1314 260 1352 Nam
275 1313 364 1363 quid
379 1312 585 1350 dissimulo?
599 1321 662 1349 aut
675 1324 767 1361 quae
780 1324 835 1348 me
848 1310 893 1347 ad
906 1312 1038 1362 majora
1050 1309 1210 1349 reserw?

162 1380 264 1418 Num
284 1379 373 1416 fletu
392 1379 570 1429 ingemuit
590 1378 738 1415 nostro?
767 1391 852 1414 num
871 1376 1005 1413 lumina
1024 1376 1126 1413 flexit
1143 1376 1158 1412 ’ἓ

162 1447 200 1484 N
205 1446 431 1483 umlacrimas
438 1445 554 1483 victus
565 1445 746 1489 dedit‚aut
758 1444 843 1481 mise
849 1451 944 1480 ratus
951 1441 1129 1480 amantem
1139 1443 1210 1480 est?

161 1515 269 1563 Quae
282 1513 413 1563 quibus
425 1511 643 1549 anteferam?
658 1512 846 1562 Jam,jam,
861 1524 926 1546 nec
938 1509 1092 1546 maxima
1099 1510 1209 1553 Juno,

161 1580 243 1617 Nec
266 1578 455 1617 Saturnius
473 1577 561 1614 haec
581 1577 696 1614 oculis
716 1585 819 1626 pater
846 1575 1001 1625 adspicit
1019 1575 1155 1624 aequis.

163 1646 355 1695 Nusquam
374 1654 456 1681 tuta
474 1645 576 1682 fides.
617 1644 789 1695 Ejectum
807 1642 944 1686 littore,
963 1651 1132 1693 egentem

164 1712 322 1761 Excepi,
341 1721 379 1748 et
397 1711 500 1762 regni
518 1712 664 1748 demens
683 1710 718 1746 in
739 1718 841 1759 parte
861 1708 978 1746 locavi
995 1723 1004 1745 ι

161 1778 347 1815 Amissam
367 1777 528 1822 classem,
549 1778 666 1814 socios
685 1791 704 1814 a
724 1785 840 1813 morte
860 1774 998 1812 reduxi.

164 1844 254 1881 Heu
275 1843 394 1881 Furiis
412 1843 556 1880 incensa
576 1842 673 1880 feror
688 1845 695 1879 !
734 1842 845 1880 Nunc
861 1855 980 1892 augur
997 1839 1156 1890 Apollo,

167 1911 275 1949 Nunc
297 1910 438 1961 Lyciae
457 1919 584 1954 sortes,
613 1923 707 1946 nunc
726 1919 776 1953 et,
796 1909 887 1946 Jove
906 1907 1034 1945 missus
1052 1908 1097 1944 ab
1116 1907 1209 1957 ipso,

165 1977 350 2027 Interpres
370 1977 490 2013 divom
510 1975 580 2013 fert
601 1976 747 2012 horrida
760 1977 859 2026 jussa
879 1988 943 2024 per
959 1987 1074 2011 auras.

166 2043 315 2082 Scilicet
334 2043 362 2079 is
386 2042 535 2093 Superis
553 2042 657 2080 labor
674 2051 729 2079 est
745 2044 753 2080 !
777 2056 818 2079 ea
837 2055 924 2079 cura
944 2040 1086 2091 quietos

166 2109 349 2148 Sollicitat
367 2113 375 2147 ἕ
409 2110 541 2159 Neque
561 2118 598 2146 te
617 2119 737 2154 teneo,
765 2122 881 2159 neque
900 2108 998 2145 dicta
1016 2106 1154 2144 refello.

164 2177 198 2220 1,
226 2190 373 2227 sequere
395 2176 541 2214 Italiam
562 2177 674 2214 ventis
693 2191 703 2221 3
733 2184 817 2226 pete
837 2189 949 2227 regna
971 2189 1038 2225 per
1057 2176 1181 2214 undas.

165 2243 281 2291 Spero
300 2243 468 2293 equidem
487 2243 626 2288 mediis,
647 2242 676 2280 si
695 2242 785 2294 quid
805 2241 862 2293 pia
877 2242 1023 2279 numina
1041 2251 1207 2294 possunt,
