1493 2605
217 313 297 351 220
506 309 806 348 AssNmDos
863 308 936 346 iv.
1127 322 1160 345 v.
1179 309 1272 357 495,

219 423 336 475 Erige
355 437 365 468 ;
394 431 428 460 et
451 435 549 459 arma
567 421 646 465 viri,
667 419 827 458 thalamo
843 433 935 470 quae
957 419 1027 459 fixa
1048 419 1195 471 reliquit

221 490 377 540 Impius,
396 490 617 539 exuviasque
636 487 765 532 omnis,
793 487 1003 537 lectumque
1019 487 1197 539 jugalem,

221 558 310 607 Quo
331 557 432 607 perii,
454 556 757 606 superimponas:
788 553 934 591 abolere
955 553 1099 591 nefandi

221 625 370 662 Cuncta
385 623 452 660 viri
469 621 817 672 monumentajubet
831 629 1083 670 monstratque
1095 621 1277 658 sacerdos.

223 689 334 728 Haec
354 689 478 734 effata,
497 688 578 726 silet
597 703 607 726 ε
638 687 754 738 pallor
774 687 880 724 simul
899 696 1058 737 occupat
1078 702 1153 724 ora.

224 756 314 794 Non
333 766 454 794 tamen
475 757 590 794 Anna
610 754 709 792 novis
730 763 940 804 praetexere
962 754 1088 792 funera
1107 754 1215 793 sacris

225 824 452 863 Germanum
473 823 605 865 credit,
626 836 691 860 nec
712 831 836 859 tantos
857 831 977 858 mente
998 821 1140 860 furores

223 890 416 942 Concipit,
436 901 499 928 aut
520 890 686 942 graviora
705 897 824 934 timot,
845 902 953 939 quam
974 897 1090 926 morte
1113 888 1281 939 Sychaei.

226 956 336 1010 Ergo
351 959 450 1009 jussa
471 967 590 1007 parat.

280 1025 342 1064 At
362 1027 501 1077 regina,
530 1038 621 1075 pyra
641 1023 815 1076 penetrali
836 1023 870 1060 in
888 1023 970 1060 sede
987 1023 1054 1060 sub
1074 1035 1178 1060 auras

226 1091 368 1131 Erecta
385 1092 525 1143 ingenti
545 1091 661 1129 taedis
681 1101 794 1142 atque
814 1090 894 1128 ilice
914 1099 1027 1133 secta,

227 1159 470 1209 Intenditque
488 1158 612 1196 locum
634 1158 751 1202 sertis,
771 1166 808 1196 et
830 1157 959 1194 fronde
979 1164 1135 1193 coronat

229 1228 420 1265 Funerea:
452 1239 574 1276 super,
602 1226 762 1270 exuvias,
784 1238 978 1274 ensemque
998 1223 1180 1268 relictum,

229 1293 479 1345 Effigiemque
499 1302 583 1330 toro
601 1291 715 1335 locat,
734 1292 833 1329 haud
852 1291 977 1342 ignara
998 1290 1126 1328 futuri.

231 1363 341 1402 Stant
361 1375 440 1400 arae
459 1359 597 1398 circum
616 1376 626 1405 ;
655 1368 692 1396 et
713 1358 821 1396 crinis
840 1357 955 1395 effusa
974 1355 1141 1394 sacerdos

229 1428 312 1467 Ter
326 1438 473 1466 centum
490 1435 594 1464 tonat
607 1441 670 1463 ore
687 1426 788 1470 deos,
807 1425 1058 1475 Erebumque.
1079 1423 1289 1474 Chaosque,

231 1495 569 1548 Tergeminamque
590 1492 860 1536 Hecaten,tria
882 1491 1030 1542 virginis
1049 1504 1112 1527 ora
1131 1491 1289 1528 Dianae.

234 1565 428 1614 Sparserat
445 1570 483 1598 et
503 1561 628 1604 latices
649 1559 834 1597 simulatos
854 1558 965 1595 fontis
985 1557 1127 1595 Averni
1146 1572 1156 1602 ς

235 1630 408 1670 Falcibus
427 1637 465 1666 et
485 1640 617 1665 messae
637 1627 683 1663 ad
702 1626 823 1663 lunam
844 1632 1069 1675 quaeruntur
1087 1623 1186 1660 ae'nis

235 1699 424 1738 Pubentes
443 1696 591 1740 herbae,
617 1694 714 1746 nigri
733 1707 817 1730 cum
836 1692 931 1729 lacte
951 1691 1076 1728 veneni
1094 1706 1104 1729 :

237 1765 440 1817 Quaeritur
457 1772 496 1800 et
516 1761 695 1799 nascentis
715 1759 799 1811 equi
818 1760 863 1797 de
883 1757 1004 1796 fronte
1024 1757 1200 1802 revolsus,

237 1833 294 1872 Et
313 1831 421 1869 matri
441 1837 670 1880 praereptus,
699 1841 813 1866 amor.

239 1900 342 1950 Ipsa,
370 1896 466 1934 mola
484 1896 721 1945 manibusque
742 1894 824 1944 piis,
844 1893 969 1930 altaria
982 1895 1104 1944 juxta,

240 1968 372 2005 Unum
390 1972 501 2001 exuta
520 1962 650 2012 pedem
671 1961 809 2004 vinclis,
843 1959 877 1996 in
899 1968 997 1998 veste
1017 1959 1190 2001 recincta,

242 2033 422 2072 Testatur
441 2028 617 2067 moritura
635 2028 736 2071 deos,
756 2035 793 2063 et
813 2026 960 2063 conscia
979 2025 1046 2062 fati

245 2099 400 2138 Sidera:
431 2105 526 2140 tum,
547 2095 575 2132 si
596 2094 698 2145 quod
717 2107 789 2130 non
808 2106 925 2143 aequo
945 2091 1090 2129 foedere
1109 2091 1260 2128 amantis
1295 2122 1299 2126 .
1319 2113 1321 2116 <

243 2167 364 2205 Curae
376 2177 507 2201 numen
519 2162 855 2213 habetjustumque
868 2172 1091 2208 memorque,
1111 2166 1294 2207 precatur9

298 2231 387 2272 Nox
406 2238 499 2275 erat,
517 2238 555 2267 et
575 2227 761 2279 placidum
779 2226 980 2277 carpebant
999 2224 1091 2277 fessa
1110 2237 1279 2274 soporem¹
