1493 2605
247 309 320 344 106
504 304 869 344 -GEORGICON
927 306 998 343 IV.
1145 321 1178 344 v.
1196 309 1286 347 215.

245 416 312 454 Ille
332 431 479 468 operum
501 427 647 454 custos:
680 417 777 452 illum
799 417 1030 461 admirantur,
1049 427 1085 455 et
1104 432 1228 456 omnes

244 485 491 523 Circumstant
515 483 659 520 fremitu
679 483 803 527 denso,
823 484 1031 533 stipantque
1052 484 1256 535 frequentes
1273 499 1285 532 ς

245 553 293 590 Et
318 566 421 601 saepe
441 550 613 587 attollunt
635 550 805 594 humeris,
824 561 860 587 et
881 566 1035 601 corpora
1054 552 1149 589 bello

243 618 456 669 Objcctant‚
470 617 728 667 pulchramque
744 627 871 667 petunt
887 632 949 668 per
962 618 1105 655 vulnera
1119 628 1283 656 mortem.

297 683 370 721 His
391 685 535 734 quidam
555 685 678 735 signis,
698 694 808 735 atque
829 685 916 722 hacc
936 685 1100 736 exempla
1121 686 1250 731 secuti,

245 753 336 789 Esse
355 752 483 801 apibus
499 761 637 802 partem
655 751 793 789 divinae
814 753 953 796 mentis,
974 762 1010 790 et
1030 753 1180 790 haustus

243 819 460 862 Aetherios,
480 819 602 855 dixere
620 834 629 855 ε
663 818 787 855 Deum
811 832 964 869 namque
983 819 1032 855 irc
1053 833 1116 868 per
1134 819 1247 856 omnis

239 888 459 936 Terrasque‚
474 895 684 935 tractusque
699 886 814 929 maris,
827 885 1038 935 coelumque
1052 886 1285 935 profundum.

241 953 344 991 Hinc
365 952 535 1004 pecudes,
550 961 722 994 armenta,
740 952 844 994 viros,
861 965 974 1002 genus
989 965 1098 990 omne
1119 952 1287 996 ferarum,

242 1022 435 1069 Quemque
456 1019 520 1055 sibi
542 1019 659 1054 tenuis
680 1026 881 1054 nascentem
902 1031 1077 1055 arcessere
1098 1018 1211 1055 vitas:

248 1086 397 1123 Scilicet
418 1085 488 1121 huc
510 1085 608 1122 reddi
631 1084 772 1127 deinde,
792 1097 832 1120 ac
853 1084 1011 1121 resoluta
1031 1084 1153 1122 referri

243 1152 377 1190 Omnia
395 1167 405 1196 ς
436 1165 499 1188 nec
521 1151 627 1187 morti
649 1164 723 1187 esse
742 1150 862 1187 locum
883 1167 893 1195 ;
923 1152 983 1187 sed
1003 1151 1079 1187 viva
1101 1151 1217 1189 volare

243 1220 378 1257 Sideris
397 1219 431 1255 in
453 1232 651 1261 numerum,
681 1227 790 1266 atque
810 1217 885 1254 alto
906 1218 1097 1255 succedere
1116 1218 1232 1255 coelo.

298 1287 336 1323 Si
358 1286 503 1336 quando
524 1285 642 1322 sedem
662 1293 867 1335 augustam,
889 1294 1097 1333 servataque
1122 1284 1226 1321 mella

243 1352 455 1396 Thesauri&
477 1351 628 1395 relines;
654 1350 752 1400 prius
774 1350 905 1386 haustu
927 1363 1068 1400 sparsus
1088 1365 1275 1401 aquarum,

245 1419 320 1456 Ore
341 1417 421 1455 fove
442 1417 631 1467 fumosque
652 1431 756 1453 manu
778 1417 969 1466 praetende
989 1418 1164 1467 sequacis.

243 1485 307 1523 Bis
327 1485 492 1535 gravidos
512 1493 651 1535 cogunt
671 1482 778 1522 fetus.
807 1484 880 1520 duo
900 1493 1065 1533 tempora
1086 1484 1205 1522 messis
1223 1499 1234 1530 ;

243 1552 414 1602 Taygete
434 1550 537 1588 simul
556 1564 596 1587 os
616 1550 719 1586 terris
738 1550 898 1586 ostendit
920 1550 1110 1587 honestum

244 1618 354 1661 Plias,
374 1627 410 1654 et
433 1617 571 1654 Oceani
592 1625 733 1665 spretos
753 1616 844 1665 pede
865 1616 996 1667 repulit
1015 1617 1125 1654 amnis
1143 1633 1154 1663 ς

242 1685 327 1721 Aut
348 1684 470 1720 eadem
492 1683 589 1719 sidus
609 1682 750 1733 fugiens
771 1683 831 1719 ubi
854 1683 968 1720 Piscis
985 1684 1113 1733 aquosi

243 1749 407 1788 Tristior
434 1749 599 1786 hibernas
619 1748 722 1786 coelo
743 1749 927 1786 descendit
946 1749 981 1785 in
1003 1749 1128 1786 undas.

247 1816 324 1853 Illis
342 1816 394 1852 ira
412 1815 559 1852 modum
579 1829 687 1864 supra
707 1825 774 1860 est,
794 1815 979 1865 laesaeque
999 1829 1171 1853 venenum

244 1882 432 1921 Morsibus
451 1880 638 1931 inspirant,
658 1892 695 1919 ct
715 1882 852 1932 spicula
871 1896 977 1919 caeca
996 1881 1203 1932 relinquunt

245 1949 409 1987 Adfixae
429 1949 536 1994 venis,
557 1948 761 1999 animasque
782 1950 814 1985 in
836 1949 978 1985 volnere
998 1958 1152 1998 ponunt.

300 2016 377 2059 Sin,
397 2016 523 2052 duram
543 2026 704 2053 metuens
724 2016 890 2060 hiemem,
919 2029 1116 2066 parcesque
1136 2012 1274 2059 futuro,

245 2083 503 2133 Contusosque
522 2083 657 2120 animos
676 2093 713 2120 et
734 2097 788 2121 res
806 2083 1016 2120 miserabere
1043 2082 1176 2121 fractas
1193 2099 1204 2129 3

245 2151 305 2188 At
326 2148 445 2186 suffire
465 2149 609 2199 thymo,
629 2163 800 2200 cerasque
819 2150 975 2188 recidere
994 2149 1119 2193 inanis,

245 2215 339 2264 Quis
359 2216 502 2255 dubitet
520 2217 532 2255 ἓ
560 2229 642 2255 uam
662 2230 766 2268 saepe
785 2216 884 2257 favos
898 2217 1044 2269 ignotus
1064 2216 1183 2254 adedit
