1493 2605
174 272 210 298 v.
229 262 317 299 ⁶299.
474 257 820 296 GEORGICON
879 260 950 297 IV.
1146 264 1221 300 109

173 371 276 408 Tum
295 369 440 412 vitulus,
456 369 551 406 bima
570 383 720 406 curvans
735 371 807 421 jam
828 372 963 406 cornua
982 369 1114 415 fronte,

174 437 371 486 Quaeritur
385 451 394 474 :
408 461 411 463 -
425 436 508 473 huic
529 438 688 487 geminae
709 449 820 479 nares,
841 445 877 472 et
899 435 1043 483 spiritus
1063 436 1148 480 oris,

174 502 295 540 Multa
315 502 517 539 reluctanti⁴
538 502 727 545 obsuitur3
758 501 947 551 plagisque
967 511 1130 551 peremto

173 569 299 606 Tunsa
329 583 392 618 per
411 570 588 619 integram
609 568 797 604 solvuntur
817 568 950 604 viscera
971 568 1112 617 pellem.

175 633 235 671 Sic
255 633 411 683 positum
431 633 465 669 in
487 633 608 670 clauso
628 632 810 681 linquunt,
836 642 872 668 et
895 646 1009 669 ramea
1031 634 1141 670 costis

175 699 379 751 Subjiciunt
400 699 612 749 fragmenta,
634 698 815 747 thymum,
836 698 1016 748 casiasque
1035 699 1200 737 recentis.

173 766 262 803 Hoc
278 766 418 816 geritur
432 766 616 814 Zephyris
631 765 786 814 primum
800 765 1064 813 impellentibus
1079 766 1203 810 undas,

172 833 277 870 Ante
296 832 395 869 novis
415 832 565 868 rubeant
585 844 693 880 quam
713 842 815 880 prata
834 830 1032 874 caloribus,
1053 841 1135 868 ante

174 899 331 937 Garrula
350 913 457 949 quam
476 898 587 949 tignis
606 897 729 933 nidum
749 898 943 947 suspendat
969 898 1137 935 hirundo.

175 965 319 1002 Interea
341 965 470 1001 teneris
491 963 694 1013 tepefactus
716 964 750 999 in
772 965 912 1000 ossibus
933 965 1063 1000 humor

173 1032 352 1075 Aestuat,
372 1040 408 1067 et
429 1031 570 1067 visenda
590 1031 704 1067 modis
722 1030 886 1066 animalia
909 1031 1018 1075 miris,

173 1097 323 1135 Trunca
342 1097 475 1147 pedum
491 1097 621 1146 primo,
641 1110 724 1132 mox
744 1106 779 1132 et
800 1097 986 1133 stridentia
1011 1098 1148 1147 pennis,

176 1163 394 1207 Miscentur,
415 1174 631 1213 tenuemque
651 1163 765 1213 magis
781 1163 893 1213 magis
914 1164 995 1200 a‘e'ra
1014 1173 1166 1214 carpunt
1180 1180 1192 1203 :

171 1232 320 1274 Donec,
341 1240 381 1267 ut
401 1231 541 1267 aestivis
561 1229 695 1266 effusus
715 1230 868 1265 nubibus
888 1230 1017 1274 imber,

172 1299 338 1348 Erupere
356 1313 366 1342 ;
396 1307 458 1334 aut
479 1307 533 1340 ut,
563 1310 669 1332 nervo
690 1295 869 1345 pulsante,
890 1297 1059 1346 sagittae,

173 1365 293 1402 Prima
312 1364 405 1401 leves
425 1364 550 1400 ineunt
578 1363 605 1399 si
627 1363 772 1412 quando
792 1362 928 1412 proelia
951 1363 1086 1400 Parthi.

226 1431 319 1481 Quis
332 1431 419 1468 deus
432 1430 533 1472 hanc,
552 1429 696 1472 Musae,
709 1429 788 1478 quis
802 1429 902 1466 nobis
918 1431 1063 1467 extudit
1076 1440 1189 1467 artem
1205 1433 1220 1469 ἓ

173 1497 283 1536 Unde
303 1510 393 1533 nova
412 1496 590 1546 ingressus
611 1496 793 1531 hominum
813 1496 1034 1545 experientia
1053 1497 1151 1548 cepit
1170 1497 1184 1535 ἓ

227 1564 357 1600 Pastor
377 1563 581 1607 Aristaeus,
603 1561 747 1612 fugiens
770 1562 900 1599 Peneia
921 1562 1079 1612 Tempe,

176 1630 352 1673 Amissis,
373 1639 414 1666 ut
434 1628 540 1672 fama,
560 1629 686 1679 apibus
707 1629 905 1678 morboque
924 1627 1103 1679 fameque,

173 1696 308 1735 Tristis
327 1696 371 1732 ad
391 1695 542 1732 extremi
562 1708 701 1731 sacrum
722 1704 832 1744 caput
852 1694 991 1731 adstitit
1012 1695 1135 1739 amnis,

177 1763 302 1801 Multa
322 1776 500 1813 querens;
532 1771 641 1811 atque
661 1761 728 1797 hac
749 1761 878 1798 affatus
895 1776 980 1798 voce
1011 1771 1216 1811 parentem:

174 1831 309 1873 Mater,
332 1831 473 1878 Cyrene
495 1838 621 1871 mater,
642 1841 732 1877 quae
753 1828 910 1878 gurgitis
930 1829 1036 1880 hujus

176 1897 255 1933 Ima
275 1905 387 1938 tenes,
408 1894 495 1944 quid
514 1908 568 1931 me
585 1893 762 1946 praeclara
783 1894 893 1944 stirpe
913 1895 1078 1939 deorum,

175 1962 216 1999 Si
236 1962 357 2005 modo,
373 1975 480 2011 quem
501 1961 682 2010 perhibes,
706 1969 808 2010 pater
821 1971 874 1998 est
893 1962 1149 2012 Thymbraeus
1166 1965 1225 2002 A·

176 2027 337 2065 Invisum
355 2027 437 2064 fatis
458 2028 612 2078 genuisti
629 2029 641 2065 ?
669 2037 730 2064 aut
747 2041 820 2077 quo
835 2028 901 2064 tibi
918 2028 1031 2064 nostri
1084 2029 1220 2079 [pollo.

176 2093 308 2133 Pulsus
328 2095 456 2132 amor?
487 2095 574 2144 quid
594 2109 649 2131 me
669 2096 810 2131 coelum
834 2108 973 2144 sperare
989 2096 1141 2145 jubebas
1158 2097 1172 2134 ἒ

178 2159 238 2211 En
256 2164 263 2199 !
295 2162 405 2203 etiam
423 2161 520 2200 hunc
540 2162 657 2213 ipsum
677 2162 768 2201 vitae
787 2162 946 2201 mortalis
968 2163 1153 2207 honorem,
