1493 2605
129 361 163 390 v.
186 355 242 393 ιε)ὗ
423 350 720 402 AENEiDos
777 350 859 390 111.
1100 352 1174 390 177

185 464 293 501 Sacra
313 462 498 500 Dionaeae
518 463 640 507 matri,
670 463 845 512 divisque,
873 461 1046 507 ferebam,-

129 529 357 579 Auspicibus
369 539 584 579 coeptorum
596 543 744 579 operum
756 544 766 574 ;
784 543 986 579 superoque
997 528 1170 566 nitentem

133 595 357 633 Coelicolum
376 595 452 644 regi
472 595 672 632 mactabam
692 594 726 630 in
747 595 870 631 littore
889 604 1045 632 taurum.

132 660 242 698 Forte
261 660 331 697 fuit
346 662 450 712 juxta
469 660 643 703 tumulus,
672 674 745 710 quo
766 674 895 698 cornea
914 674 1053 698 summo

130 726 314 777 Virgulta,
335 736 371 763 et
391 727 506 763 densis
525 726 713 763 hastilibus
733 726 878 763 horrida
897 735 1050 777 myrtus.

130 792 283 830 Accessi
299 808 308 836 3
338 793 555 842 viridemque
573 793 618 828 ab
643 792 755 829 humo
775 792 972 829 convellere
991 792 1115 830 silvam

95 888 100 894 .
130 859 307 902 conatus,
337 858 439 895 ramis
457 867 618 909 tegerem
637 867 678 894 ut
697 858 948 896 frondentibus
968 872 1058 902 aras,

131 924 368 961 Horrendum
387 933 424 961 et
443 924 544 961 dictu
561 925 663 961 video
683 923 842 961 mirabile
862 934 1074 962 monstrum.

131 990 239 1033 Nam,
267 1004 357 1040 quae
372 990 487 1040 prima
507 990 582 1027 solo
602 991 718 1040 ruptis
739 991 919 1027 radicibus
938 991 1047 1027 arbor

130 1056 302 1100 Venitur,
331 1057 415 1093 huic
437 1066 518 1093 atro
539 1055 728 1106 liquuntur
747 1056 920 1107 sanguine
940 1065 1081 1108 guttae,

130 1122 183 1158 Et
201 1130 333 1159 terram
353 1123 438 1159 tabo
458 1121 650 1160 maculant.
711 1122 806 1159 Mihi
828 1122 982 1173 frigidus
1002 1122 1132 1160 horror

131 1187 298 1225 Blembra
320 1189 453 1238 quatit,
482 1189 696 1239 gelidusque
716 1189 790 1225 coit
806 1188 997 1225 formidine
1016 1189 1172 1239 sanguis.

134 1254 275 1291 Rursus
295 1264 331 1291 et
351 1255 495 1292 alterius
515 1255 652 1291 lentum
672 1254 869 1291 convellere
889 1255 1003 1292 vimen

132 1321 323 1370 Insequor,
351 1330 389 1357 et
408 1334 550 1358 caussas
571 1322 714 1371 penitus
735 1330 874 1358 tentare
893 1320 1037 1358 latentis
1054 1336 1064 1359 :

130 1387 232 1423 Ater
249 1395 286 1423 et
305 1386 449 1423 alterius
470 1386 632 1435 sequitur
651 1386 695 1422 de
714 1387 849 1423 cortice
871 1388 1029 1438 sanguis.

131 1452 255 1498 Multa
273 1466 418 1490 movens
437 1451 567 1496 animo,
597 1453 773 1502 nymphas
795 1454 987 1490 venerabar
1010 1443 1176 1504 agrestis,

132 1518 405 1570 Gradivumque
436 1528 590 1568 patrem,
621 1519 765 1556 Geticis
785 1519 847 1569 qui
868 1519 1048 1571 praesidet
1070 1520 1175 1566 arvis,

134 1584 221 1621 Rite
240 1585 475 1622 secundarent
494 1586 601 1629 visus,
630 1599 806 1635 omenque
827 1585 997 1624 levarent.

132 1650 259 1687 Tertia
279 1651 340 1687 sed
359 1663 553 1701 postquam
574 1654 706 1703 majore
726 1651 866 1688 hastilia
885 1651 964 1688 nisu

130 1717 359 1768 Aggredior,
387 1718 610 1768 genibusque
629 1718 793 1754 adversae
813 1717 982 1755 obluctor
1001 1732 1151 1765 arenae;

135 1783 335 1836 (Eloquar,
354 1797 397 1819 an
418 1782 538 1820 sileam
557 1784 589 1834 ?)
621 1785 777 1834 gemitus
804 1783 1031 1821 lacrimabilis
1050 1784 1124 1821 imo

131 1850 300 1888 Auditur
318 1849 472 1894 tumulo,
501 1859 539 1887 et
560 1864 628 1886 vox
650 1850 791 1887 reddita
810 1850 929 1888 fertur
946 1851 992 1888 ad
1012 1852 1105 1888 auris
1122 1867 1133 1889 :

133 1915 235 1965 Quid
249 1915 428 1959 miserum,
449 1917 590 1960 Aenea,
610 1915 742 1953 laceras
760 1917 772 1954 ἓ
787 1919 861 1968 jam
879 1930 986 1966 parce
1005 1916 1145 1967 sepulto
1162 1933 1179 1962 ;-

132 1982 244 2019 Parce
264 1982 340 2031 pias
360 1981 528 2019 scelerare
548 1996 685 2019 manuS.
717 1982 801 2020 Non
822 1997 878 2020 me
898 1983 964 2020 tibi
984 1983 1100 2034 Troja

134 2048 337 2084 Externum
356 2048 442 2085 tulit
459 2065 469 2093 ς
499 2057 560 2086 aut
581 2063 687 2086 cruor
705 2049 764 2086 hic
784 2050 828 2086 de
849 2049 972 2098 stipite
992 2058 1125 2087 manau

132 2112 223 2150 Heu
243 2115 251 2150 Ξ
283 2112 372 2163 fuge
392 2113 548 2151 crudelis
568 2124 691 2158 terraS,
720 2114 807 2166 fuge
826 2114 930 2152 littus
950 2128 1107 2152 avarum.

133 2178 228 2216 Nam
249 2178 452 2229 Polydorus
472 2194 554 2232 ego.
600 2180 679 2218 Hic
699 2181 883 2218 confixum
902 2179 1016 2218 ferrea
1033 2179 1132 2223 tex-it:-⁴

134 2243 311 2281 Telorum
332 2258 448 2297 seges,
476 2260 512 2285 et
529 2247 657 2298 jaculis
672 2248 821 2290 increvit
839 2246 967 2289 acutis.3

190 2310 309 2349 Tem.
334 2312 368 2350 1.
638 2314 674 2349 Ζ
