1529 2693
186 334 221 358 v.
253 322 314 361 37.
543 317 783 358 ECLOGA
841 319 875 358 1.

590 429 791 468 Meliboeus.

182 495 358 540 Mirabar,
377 487 464 546 quid
483 504 620 532 moesta
639 497 737 540 deos,
757 494 953 546 Amarylli,
972 508 1144 543 vocaresg

181 561 252 600 Cui
272 562 425 612 pendere
446 575 508 599 sua
527 563 698 612 patereris
718 562 752 599 in
772 564 899 600 arbore
918 575 1051 613 poma:

181 627 338 678 Tityrus
358 628 440 665 hinc
459 628 594 666 aberat.
654 629 758 678 Ipsae
779 639 829 672 te,
849 629 994 677 Tityre,
1014 629 1136 679 pinus,

184 694 259 745 Ipsi
279 704 315 732 te
335 693 466 739 fontes,
486 694 564 744 ipsa
582 694 669 732 haec
689 695 835 732 arbusta
854 696 1043 733 vocabant.

620 760 775 813 Tiqyrus.

181 826 284 876 Quid
302 826 456 864 facerem
473 827 485 865 ἓ
513 840 630 877 neque
650 826 791 863 servitio
814 840 870 863 me
888 827 984 864 exire
1002 826 1149 874 licebat,

180 891 262 930 Nec
283 902 355 929 tam
374 893 568 943 praesentis
588 892 672 930 alibi
691 906 910 944 cognoscere
930 893 1042 930 divos.

181 958 261 998 Hic
281 959 381 997 illum
401 960 469 997 vidi
485 963 666 1012 juvenem,
695 960 891 1006 Meliboee,
919 960 1112 1012 quotannis

182 1027 246 1064 Bis
265 1041 366 1065 senos
386 1028 443 1064 cui
463 1036 584 1064 nostra
602 1027 677 1063 dies
695 1027 820 1064 altaria
837 1027 989 1066 fumant.

181 1092 259 1130 Hic
277 1093 362 1130 mihi
377 1106 585 1143 responsum
604 1093 740 1142 primus
758 1093 859 1131 dedit
877 1093 935 1129 ille
958 1093 1094 1144 petenti
1111 1107 1122 1131 ε

180 1157 336 1203 Pascite,
356 1167 398 1196 ut
416 1167 512 1202 ante,
534 1160 655 1202 boves,
677 1158 776 1207 pueri
794 1174 806 1204 ;
835 1159 1037 1197 submittite
1055 1167 1192 1199 tauros.

587 1224 789 1262 Meliboeus.

180 1290 380 1328 Fortunate
400 1303 505 1326 senex
525 1292 532 1327 ἔ
565 1303 653 1340 ergo
674 1299 737 1326 tua
756 1302 838 1325 rura
852 1289 1063 1334 manebunt,

179 1356 234 1394 Et
253 1356 319 1394 tibi
339 1370 469 1408 magna
488 1355 583 1392 satis.
618 1356 779 1405 quamvis
799 1354 888 1405 lapis
906 1354 1025 1392 omnia
1043 1355 1175 1402 nudus,

178 1421 401 1472 Limosoque
421 1422 521 1472 palus
540 1421 700 1458 obducat
722 1435 852 1471 pascua
865 1424 992 1472 junco,

178 1488 265 1526 Non
285 1489 424 1525 insueta
445 1489 563 1538 gravis
583 1489 777 1526 tentabunt
795 1487 929 1539 pabula
947 1487 1038 1526 fetas
1056 1503 1069 1535 ;

178 1555 258 1594 Nec
278 1554 370 1591 mala
388 1554 492 1591 vicini
514 1554 653 1604 pecoris
672 1555 842 1605 contagia
859 1553 1014 1593 laedent.

178 1620 379 1659 Fortunate
397 1634 502 1658 senex
521 1623 530 1658 l
562 1620 635 1664 hie,
654 1620 747 1657 inter
766 1619 910 1658 flumina
929 1629 1028 1665 nota,

178 1688 232 1726 Et
251 1687 362 1724 fontis
381 1701 512 1731 sacros,
531 1686 646 1738 frigus
665 1687 826 1736 captabis
845 1700 1011 1738 opacum.

177 1754 281 1792 Hinc
301 1753 381 1797 tibi,
407 1766 498 1803 quae
517 1766 657 1802 semper
674 1753 790 1789 vicino
810 1754 854 1788 ab
873 1752 985 1790 limite
1005 1767 1106 1804 sepes

176 1819 358 1870 Hyblaeis
377 1819 503 1868 apibus
523 1819 646 1855 florem
664 1819 812 1869 depasta
831 1818 958 1863 salicti,

178 1886 292 1935 Saepe
311 1884 378 1922 levi
397 1899 559 1922 somnum
579 1886 742 1922 suadebit
761 1885 847 1922 inire
866 1899 1008 1923 susurro
1025 1901 1037 1932 3

177 1953 280 1990 Hinc
300 1952 372 1989 alta
390 1953 456 1989 sub
476 1966 564 2002 rupe
583 1960 689 1989 canet
708 1951 894 1989 frondator
912 1953 958 1989 ad
975 1967 1103 1994 aurasz

177 2020 257 2058 Nec
275 2028 394 2057 tamen
412 2019 545 2056 interea
563 2032 703 2063 raucae,
721 2027 784 2056 tua
801 2033 898 2064 cura,
918 2020 1117 2070 palumbes,

177 2086 256 2125 Nec
275 2100 417 2137 gemere
436 2086 528 2123 a'e'ria
548 2085 701 2123 cessabit
720 2095 842 2123 turtur
859 2087 903 2123 ab
923 2086 1034 2126 ulmo.

612 2153 766 2205 Tityrus.

176 2217 280 2258 Ante
297 2217 391 2258 leves
408 2233 497 2271 ergo
514 2231 707 2271 pascentur
725 2219 759 2254 in
780 2218 922 2258 aethere
940 2219 1048 2266 cervi,

649 2284 746 2325 Ae
