1493 2605
196 245 251 283 70
479 243 827 283 GEORGICON
885 245 943 283 11.
1104 260 1138 284 v.
1157 249 1246 286 353.

197 354 302 398 Hoc,
322 354 381 392 ubi
402 346 520 391 hiulca
540 355 597 391 siti
620 355 722 392 findit
743 355 839 392 canis
858 356 1002 393 aestif·r
1019 369 1113 394 arva.

248 422 450 459 Seminibus
470 421 610 471 positiS,
631 431 793 470 superest
813 423 990 460 deducere
1009 432 1140 461 terram

194 488 346 537 Saepius
365 489 409 525 ad
429 489 561 537 capita,
581 497 615 524 et
638 489 747 524 duros
760 490 896 538 jactare
917 489 1072 526 bidentis
1093 504 1105 535 3

191 554 277 590 Aut
299 568 419 604 presso
439 568 605 591 exercere
625 553 741 590 solum
761 555 828 592 sub
849 568 1004 599 vomere,
1024 564 1062 592 et
1081 555 1158 606 ipae.

194 621 357 658 Flectere
376 621 546 658 luctantis
565 620 659 657 inter
677 620 796 658 vineta
810 623 985 672 juvencos
1003 637 1014 660 ι

189 687 291 724 Tum
311 688 396 724 levis
414 687 583 730 calamos,
603 696 637 724 et
660 701 756 724 rasae
776 687 916 724 hastilia
936 689 1073 740 virgae,

192 753 456 803 F1·.=ixineasque
476 763 601 803 aptare
621 754 740 797 sudes,
769 753 960 803 furcasque
980 755 1163 801 bicornis;

190 821 339 857 Viribus
357 821 444 857 eniti
464 834 628 870 quarum,
643 830 679 858 et
699 829 927 858 contemnere
948 831 1088 866 ventos,

186 886 435 930 Adsuescant,
456 900 682 937 summasque
701 887 801 936 sequi
821 887 980 924 tabulata
1003 902 1067 937 per
1087 887 1213 925 ulmos.

238 952 317 996 Ac,
337 953 423 989 dum
444 952 557 1002 prima
576 953 675 989 novis
694 952 868 990 adolescit
890 952 1078 990 frondibus
1095 963 1206 999 aetas,

185 1018 411 1056 Parcendum
433 1019 586 1057 teneris:
606 1028 656 1063 et,
677 1019 764 1056 dum
785 1033 821 1056 se
839 1019 953 1056 laetus
971 1020 1016 1057 ad
1035 1033 1136 1057 auras

185 1084 326 1122 Palmes
346 1086 438 1135 agit,
458 1084 548 1122 laxis
567 1100 632 1136 per
649 1099 782 1136 purum
801 1086 978 1123 immissus
999 1086 1161 1132 habenis,

184 1152 271 1201 Ipsa
288 1152 363 1189 acie
383 1152 541 1189 nondum
560 1151 852 1190 falcistentanda
870 1167 881 1198 ;
910 1153 972 1190 sed
992 1153 1093 1190 uncis

183 1218 393 1268 Carpendae
414 1218 575 1256 manibus
595 1217 753 1263 frondes,
773 1219 937 1268 interque
958 1218 1147 1269 legendae.

182 1285 288 1328 Inde,
308 1282 369 1322 ubi
385 1288 458 1336 jam
479 1284 602 1322 validis
623 1284 809 1335 amplexae
829 1285 1003 1334 stirpibus
1026 1285 1143 1322 ulmos

182 1350 363 1393 Eine—rint,
383 1360 460 1388 tum
481 1352 618 1402 stringe
638 1364 771 1394 comas,
790 1360 868 1388 tum
888 1351 1034 1388 brachia
1053 1353 1166 1390 tonde
1183 1367 1195 1399 ς

180 1417 287 1454 Ante
308 1417 540 1455 reformidant
561 1417 694 1454 ferrum
712 1432 722 1455 ε
751 1426 829 1454 tum
849 1417 1001 1467 denique
1022 1419 1110 1455 dura

181 1483 324 1520 Exci-ce
343 1484 504 1533 imperia,
524 1492 561 1521 et
581 1497 696 1521 ramos
715 1497 903 1534 compesce
930 1484 1086 1522 fluentis.

230 1551 427 1587 Texendae
447 1563 548 1600 sepes
567 1550 686 1594 etiam,
707 1558 744 1587 et
760 1563 870 1600 pecus
884 1564 989 1588 omne
1009 1553 1204 1590 tenendum
1221 1569 1233 1601 ς

178 1616 390 1665 Praecipue,
405 1617 491 1653 dum
503 1615 602 1654 frons
618 1627 739 1654 tenera
750 1616 1028 1667 imprudensque
1043 1618 1206 1658 laborum
1221 1635 1231 1659 x

175 1682 262 1726 Cui,
289 1695 397 1732 super
415 1683 579 1735 indignas
597 1683 731 1720 hiemes
749 1682 932 1734 solemque
952 1694 1153 1734 potentem,

174 1750 365 1787 Silvestres
384 1750 437 1787 uri
457 1750 597 1787 assidue
617 1763 838 1799 capreaeque
860 1764 1032 1800 sequaces

175 1815 339 1852 illudunt
359 1831 370 1862 ;
408 1825 607 1866 pascuntur
624 1829 708 1854 oves
727 1816 922 1866 avidaeque
935 1819 1123 1868 juvencae.

174 1881 328 1932 Frigora
347 1895 412 1919 nec
432 1891 576 1919 tantum
596 1896 684 1920 cana
703 1891 872 1920 concreta
900 1884 1041 1932 pruina,

172 1949 257 1985 Aut
277 1948 396 1999 gravis
415 1949 625 1986 incumbens
646 1949 803 2000 scopulis
819 1950 1000 1986 arentibus
1019 1959 1146 1996 aestas,

171 2014 361 2063 Quantum
381 2014 430 2052 illi
450 2029 605 2053 nocuere
625 2030 768 2067 greges,
797 2016 949 2066 durique
969 2031 1142 2055 venenum

170 2080 317 2124 Dentis,
344 2090 381 2119 et
401 2081 566 2119 admorso
586 2081 728 2134 signata
747 2083 780 2119 in
803 2082 915 2132 stirpe
934 2083 1098 2121 cicatrix.

170 2146 255 2183 Non
275 2147 381 2184 aliam
397 2148 445 2186 ob
465 2147 608 2199 culpam
625 2149 775 2188 Baccho
792 2162 900 2200 caper
917 2149 1084 2189 omnibus
1102 2149 1173 2189 aris
