1529 2693
192 315 226 338 v.
244 303 304 339 96.
520 298 759 337 ECLOGA
825 299 906 336 111.
1194 302 1242 338 13

604 411 798 449 Menalcas.

190 474 325 527 Cogite
343 475 432 519 ovis,
452 475 553 524 pueri
570 490 579 513 ε
611 476 638 512 si
657 476 711 513 lac
732 474 953 525 praeceperit
972 483 1105 519 aestus,

191 543 250 581 Ut
269 555 394 592 nuper,
414 540 546 578 frustra
564 542 802 592 pressabimus
817 542 924 577 ubera
943 541 1081 590 pahms.

603 609 804 645 Damoetas.
1082 613 1086 616 “
1106 609 1211 657 [ervo
1228 610 1238 645 Ξ

191 673 281 712 Heu
299 677 306 711 !
339 674 408 710 heu
426 677 434 710 !
469 687 574 723 quam
603 673 729 724 pingui
748 686 867 709 macer
885 681 940 709 est
960 672 1046 709 mihi
1066 682 1190 709 taurus
1207 673 1243 710 in

191 739 296 777 Idem
315 753 414 776 amor
432 740 582 776 exitium
601 738 738 789 pecori,
770 739 983 788 pecorisque
1003 740 1188 789 magistro.

602 805 799 844 Idenalcas.

189 871 264 909 His
277 880 372 910 certe
385 885 498 922 neque
510 885 611 908 amor
621 884 743 908 caussa
753 879 808 908 est
823 885 832 908 ε
854 870 912 907 vix
928 871 1067 908 ossibus
1082 871 1242 910 haerent.

191 937 327 976 Nescio
345 939 438 988 quis,
457 947 598 975 teneros
618 937 745 974 oculus
764 937 852 973 mihi
873 935 1024 973 fascinat
1045 951 1171 988 agnos.

605 1004 807 1042 Damoetas.

190 1069 281 1113 Dic,
300 1069 432 1119 quibus
450 1069 486 1105 in
504 1069 621 1113 terris,
641 1079 678 1106 et
698 1069 765 1106 eris
785 1069 873 1105 mihi
893 1082 1046 1119 magnus
1067 1068 1225 1119 Apollo,

189 1134 277 1172 Tn's
295 1143 418 1184 pateat
437 1135 528 1172 coeli
548 1136 705 1186 spatium
726 1149 796 1172 non
815 1134 967 1184 amplius
989 1135 1100 1172 ulnas.

605 1202 800 1240 Menalcas.

188 1266 280 1311 Dic,
299 1265 429 1316 quibus
448 1266 482 1302 in
502 1266 606 1304 terris
625 1264 786 1318 inscripti
807 1269 951 1304 nomina
971 1282 1099 1319 regum

189 1332 396 1371 Nascantur
415 1333 518 1370 flores
535 1349 547 1379 ς
575 1343 612 1371 et
633 1334 802 1384 Phyllida
821 1334 916 1371 solus
937 1336 1084 1376 habeto.

608 1401 806 1439 Palaemon.

190 1464 276 1503 Non
296 1475 458 1503 nostrum
476 1467 570 1503 inter
589 1480 651 1504 vos
670 1476 787 1505 tantas
803 1481 1017 1518 componere
1036 1468 1108 1505 litis
1125 1483 1135 1507 z

190 1531 245 1569 Et
264 1532 374 1569 vitula
392 1541 434 1569 tu
454 1533 598 1584 dignus,
617 1542 654 1570 et
673 1533 731 1570 hic
750 1549 760 1578 ;
789 1546 826 1570 et
847 1536 1006 1584 quisquis
1025 1548 1162 1573 amores

190 1598 277 1635 Aut
296 1607 434 1635 metuet
454 1598 582 1643 dulcis,
609 1609 671 1636 aut
690 1601 896 1650 experietur
914 1615 1064 1638 amaros.

191 1663 359 1703 Claudite
373 1666 447 1715 jam
465 1664 571 1710 rivos,
599 1666 700 1715 pueri
717 1681 726 1704 ε
758 1676 811 1704 sat
831 1676 936 1717 prata
954 1669 1135 1707 biberunt.

531 1882 772 1922 ECLOGA
828 1885 901 1923 IV.

412 2004 1015 2067 POLLIO.

195 2132 417 2169 Stczmnsss
440 2132 584 2178 Musae,
603 2134 725 2184 paullo
746 2138 879 2187 majora
897 2150 1090 2184 canamus3

194 2195 280 2243 Non
299 2198 412 2237 omnis
431 2200 575 2238 arbusta
589 2203 715 2254 juvant
733 2202 956 2254 humilesque
974 2206 1129 2256 myricae
1144 2221 1154 2253 ς
