1493 2605
194 277 268 318 156
480 275 803 331 ‘AENEIDOS
863 276 922 313 11.
1099 293 1133 314 v.
1152 249 1243 318 243..

190 386 379 431 Substitit,
399 396 508 438 atque
530 397 634 426 utero
656 388 813 425 sonitum
835 398 964 438 quater
983 403 1078 426 arma
1099 391 1243 428 dedere.

190 454 372 491 Instamus
392 464 524 498 tamen,
555 456 794 499 immemorem,
813 455 984 505 caecique
1001 456 1137 501 surore,

190 520 243 558 Et
265 531 467 558 monstrum
488 520 612 557 infelix
633 529 770 557 sacrata
791 521 949 558 sistimus
969 536 1062 561 arce.

188 584 301 624 Tunc
321 587 429 624 etiam
451 586 534 624 satis
554 587 671 637 aperit
691 588 889 626 Cassandra
910 587 1040 625 futuris

186 651 279 695 Ora,
308 653 364 689 dei
379 655 482 704 jussu
502 668 573 690 uon
596 668 767 704 umquam
789 655 927 692 credita
948 655 1117 693 Teucris.

183 718 268 756 Nos
288 718 441 756 delubra
461 719 567 757 deum
590 719 720 764 miseri,
750 721 882 771 quibus
902 721 1051 759 ultimus
1069 732 1163 760 essct

185 783 255 822 Ille
274 784 362 829 dies,
394 784 483 823 festa
506 785 663 823 velamus
683 786 810 824 fronde
831 802 897 838 per
917 788 1056 825 urbem.

237 850 409 889 Vertitur
429 852 563 890 interea
583 853 739 898 coelum,
759 863 795 891 ct
818 854 889 891 ruit
909 868 1046 892 occano
1067 854 1170 898 Nox,

183 917 376 956 Involvens
397 919 524 956 umbra
544 933 673 971 magna
693 929 900 970 terramque
920 921 1135 971 polumque,

180 984 532 1036 Myrmidonumque
553 986 657 1024 dolos
675 1001 684 1023 :
716 986 786 1023 fusi
819 1001 883 1036 pei·
902 988 1053 1032 moenia,
1075 987 1214 1026 Teucri

180 1051 402 1089 Conticuere
421 1067 430 1089 :
463 1066 572 1102 sopor
592 1052 704 1090 fessos
724 1053 986 1103 complectitur
1004 1063 1118 1090 artus.

180 1118 235 1156 Et
250 1120 325 1170 jam
347 1119 490 1170 Argiva
511 1119 668 1170 phalanx
689 1121 875 1158 instructis
897 1120 1046 1158 navibus
1065 1121 1142 1158 ibat

179 1185 221 1222 A
244 1185 413 1230 Tenedo,
443 1186 575 1224 tacitae
596 1201 662 1237 per
681 1187 795 1224 amica
816 1187 955 1224 silentia
975 1186 1094 1231 lunae,

179 1252 331 1289 Littora
351 1262 438 1290 nota
456 1263 599 1304 petens,
643 1254 802 1291 flammas
823 1269 935 1303 quum
959 1255 1056 1305 regia
1077 1254 1212 1304 puppis

178 1317 402 1365 Extulerat;
434 1319 590 1370 fatisque
610 1320 718 1358 deum
739 1319 907 1357 defensus
928 1320 1075 1370 iniquis,

179 1384 348 1422 Inclusos
369 1395 474 1422 utero
497 1387 647 1424 Danaos
666 1397 704 1424 et
725 1387 830 1436 pinea
852 1385 978 1424 furtim

177 1451 304 1489 Laxat
323 1451 481 1489 claustra
509 1454 648 1490 Sinon:
679 1452 758 1489 illos
779 1451 986 1503 patefactus
1007 1453 1051 1488 ad
1072 1466 1174 1489 auras

179 1518 318 1555 Reddit
338 1533 468 1569 equus,
496 1517 654 1569 laetique
674 1532 763 1556 cavo
785 1532 820 1555 se
841 1520 971 1556 robore
993 1528 1168 1569 promunt

176 1585 432 1623 Thessandrus
455 1585 735 1635 Sthenelusque,
766 1586 890 1629 duces,
910 1595 946 1623 ct
968 1586 1067 1622 dirus
1088 1585 1236 1631 Ulixes,

175 1653 388 1692 Demissum
408 1652 498 1703 lapsi
512 1667 576 1704 per
589 1652 724 1697 funem,
746 1654 997 1703 Acamasque,
1018 1652 1237 1704 Thoasque,

176 1719 390 1770 Pelidesque
413 1718 693 1770 Neoptolemus,
722 1720 932 1770 primusque
953 1718 1153 1763 Machaon,

175 1786 230 1824 Et
252 1785 454 1830 Menelaus,
475 1796 512 1824 et
532 1787 609 1837 ipse
630 1787 704 1825 doli
723 1786 936 1832 fabricator,
966 1786 1108 1836 Epeos.

174 1854 356 1893 Invadunt
377 1855 502 1891 urbem
523 1869 648 1891 somno
669 1855 826 1904 vinoque
847 1853 1028 1904 sepultam
1047 1868 1055 1890 ε

172 1921 388 1959 Caeduntur
406 1920 546 1972 vigiles,
567 1922 757 1973 portisque
777 1921 988 1970 patentibus
1009 1919 1126 1957 omnis

172 1987 380 2038 Accipiunt
400 1987 530 2031 socios,
550 1997 660 2038 atque
679 1987 824 2039 agmina
840 1986 984 2024 conscia
999 1988 1177 2037 jungunt.

224 2054 392 2104 Tempus
410 2064 501 2097 erat,
530 2069 603 2104 quo
624 2054 741 2104 prima
761 2054 862 2104 quies
879 2053 1094 2092 mortalibus
1115 2053 1233 2104 aegris

173 2120 324 2170 Incipit,
344 2130 382 2158 et
401 2121 500 2158 dono
521 2122 643 2158 divum
668 2120 876 2172 gratissima
896 2120 1020 2170 serpit.

174 2186 218 2229 In
240 2187 384 2232 somnis,
404 2191 514 2226 ecce!
547 2197 630 2226 ante
649 2188 777 2226 oculos
797 2187 1059 2226 moestissimus
1080 2185 1233 2227 Hector
