<?xml version="1.0" encoding="UTF-8"?>
<!DOCTYPE html PUBLIC "-//W3C//DTD XHTML 1.0 Transitional//EN"
    "http://www.w3.org/TR/xhtml1/DTD/xhtml1-transitional.dtd">
<html xmlns="http://www.w3.org/1999/xhtml" xml:lang="en" lang="en">
 <head>
  <title>
</title>
<meta http-equiv="Content-Type" content="text/html;charset=utf-8" />
  <meta name='ocr-system' content='tesseract 3.04.00' />
  <meta name='ocr-capabilities' content='ocr_page ocr_carea ocr_par ocr_line ocrx_word'/>
</head>
<body>
  <div class='ocr_page' id='page_1' title='image "./operahun01virguoft_0167.png"; bbox 0 0 1493 2605; ppageno 0'>
   <div class='ocr_carea' id='block_1_1' title="bbox 123 312 1164 355">
    <p class='ocr_par' dir='ltr' id='par_1_1' title="bbox 123 312 1164 355">
     <span class='ocr_line' id='line_1_1' title="bbox 123 312 1164 355; baseline -0.002 -3"><span class='ocrx_word' id='word_1_1' title='bbox 123 329 159 355; x_wconf 68' lang='lat' dir='ltr'>v.</span> <span class='ocrx_word' id='word_1_2' title='bbox 173 318 263 355; x_wconf 88' lang='grc'><strong>601.</strong></span> <span class='ocrx_word' id='word_1_3' title='bbox 450 312 748 352; x_wconf 84' lang='lat' dir='ltr'>AENEIDOS</span> <span class='ocrx_word' id='word_1_4' title='bbox 806 313 840 350; x_wconf 88' lang='lat'>1.</span> <span class='ocrx_word' id='word_1_5' title='bbox 1094 315 1164 351; x_wconf 82' lang='lat'>141</span> 
     </span>
    </p>
   </div>
   <div class='ocr_carea' id='block_1_2' title="bbox 125 422 1186 2269">
    <p class='ocr_par' dir='ltr' id='par_1_2' title="bbox 125 422 1186 2269">
     <span class='ocr_line' id='line_1_2' title="bbox 126 422 1173 476; baseline -0.006 -11"><span class='ocrx_word' id='word_1_6' title='bbox 126 427 214 465; x_wconf 91' lang='lat' dir='ltr'>Non</span> <span class='ocrx_word' id='word_1_7' title='bbox 234 425 314 476; x_wconf 91' lang='lat' dir='ltr'>opis</span> <span class='ocrx_word' id='word_1_8' title='bbox 332 433 387 461; x_wconf 79' lang='lat' dir='ltr'>est</span> <span class='ocrx_word' id='word_1_9' title='bbox 406 432 560 468; x_wconf 83' lang='lat' dir='ltr'>nostrae,</span> <span class='ocrx_word' id='word_1_10' title='bbox 577 424 692 468; x_wconf 90' lang='lat' dir='ltr'>Dido,</span> <span class='ocrx_word' id='word_1_11' title='bbox 704 437 769 460; x_wconf 90' lang='lat' dir='ltr'>nec</span> <span class='ocrx_word' id='word_1_12' title='bbox 782 422 957 473; x_wconf 90' lang='lat' dir='ltr'>quidquid</span> <span class='ocrx_word' id='word_1_13' title='bbox 972 422 1104 473; x_wconf 90' lang='lat' dir='ltr'>ubique</span> <span class='ocrx_word' id='word_1_14' title='bbox 1116 431 1173 460; x_wconf 82' lang='lat' dir='ltr'>est</span> 
     </span>
     <span class='ocr_line' id='line_1_3' title="bbox 125 490 1172 541; baseline -0.006 -10"><span class='ocrx_word' id='word_1_15' title='bbox 125 493 261 531; x_wconf 87' lang='lat' dir='ltr'>Gentis</span> <span class='ocrx_word' id='word_1_16' title='bbox 281 491 500 534; x_wconf 82' lang='lat' dir='ltr'>Dardaniae,</span> <span class='ocrx_word' id='word_1_17' title='bbox 518 504 689 541; x_wconf 82' lang='lat' dir='ltr'>magnum</span> <span class='ocrx_word' id='word_1_18' title='bbox 709 503 798 540; x_wconf 86' lang='lat' dir='ltr'>quae</span> <span class='ocrx_word' id='word_1_19' title='bbox 813 503 932 538; x_wconf 83' lang='lat' dir='ltr'>sparsa</span> <span class='ocrx_word' id='word_1_20' title='bbox 952 503 1016 539; x_wconf 87' lang='lat' dir='ltr'>per</span> <span class='ocrx_word' id='word_1_21' title='bbox 1033 490 1172 526; x_wconf 86' lang='lat' dir='ltr'>orbem.</span> 
     </span>
     <span class='ocr_line' id='line_1_4' title="bbox 126 555 1095 608; baseline -0.006 -11"><span class='ocrx_word' id='word_1_22' title='bbox 126 560 183 599; x_wconf 80' lang='lat' dir='ltr'>Di</span> <span class='ocrx_word' id='word_1_23' title='bbox 202 558 283 603; x_wconf 87' lang='lat' dir='ltr'>tibi,</span> <span class='ocrx_word' id='word_1_24' title='bbox 312 559 340 595; x_wconf 89' lang='lat' dir='ltr'>si</span> <span class='ocrx_word' id='word_1_25' title='bbox 359 571 431 608; x_wconf 90' lang='lat' dir='ltr'>qua</span> <span class='ocrx_word' id='word_1_26' title='bbox 449 557 529 607; x_wconf 87' lang='lat' dir='ltr'>pios</span> <span class='ocrx_word' id='word_1_27' title='bbox 548 565 753 607; x_wconf 83' lang='lat' dir='ltr'>respectant</span> <span class='ocrx_word' id='word_1_28' title='bbox 773 556 929 600; x_wconf 88' lang='lat' dir='ltr'>numina,</span> <span class='ocrx_word' id='word_1_29' title='bbox 958 555 986 592; x_wconf 91' lang='lat' dir='ltr'>si</span> <span class='ocrx_word' id='word_1_30' title='bbox 1005 556 1095 605; x_wconf 88' lang='lat' dir='ltr'>quid</span> 
     </span>
     <span class='ocr_line' id='line_1_5' title="bbox 127 621 1096 676; baseline -0.005 -13"><span class='ocrx_word' id='word_1_31' title='bbox 127 626 295 675; x_wconf 84' lang='lat' dir='ltr'><strong>Usquam</strong></span> <span class='ocrx_word' id='word_1_32' title='bbox 310 624 449 676; x_wconf 80' lang='lat' dir='ltr'>justitia</span> <span class='ocrx_word' id='word_1_33' title='bbox 467 633 535 667; x_wconf 84' lang='lat' dir='ltr'>est,</span> <span class='ocrx_word' id='word_1_34' title='bbox 563 632 599 660; x_wconf 88' lang='lat' dir='ltr'>et</span> <span class='ocrx_word' id='word_1_35' title='bbox 627 637 724 659; x_wconf 85' lang='lat' dir='ltr'>mens</span> <span class='ocrx_word' id='word_1_36' title='bbox 744 623 809 660; x_wconf 87' lang='lat' dir='ltr'>sibi</span> <span class='ocrx_word' id='word_1_37' title='bbox 829 622 972 659; x_wconf 86' lang='lat' dir='ltr'>conscia</span> <span class='ocrx_word' id='word_1_38' title='bbox 991 621 1096 665; x_wconf 88' lang='lat' dir='ltr'>recti,</span> 
     </span>
     <span class='ocr_line' id='line_1_6' title="bbox 127 688 1149 742; baseline -0.005 -14"><span class='ocrx_word' id='word_1_39' title='bbox 127 691 293 729; x_wconf 83' lang='lat' dir='ltr'>Praemia</span> <span class='ocrx_word' id='word_1_40' title='bbox 311 691 421 742; x_wconf 89' lang='lat' dir='ltr'>digna</span> <span class='ocrx_word' id='word_1_41' title='bbox 434 689 563 727; x_wconf 89' lang='lat' dir='ltr'>ferant.</span> <span class='ocrx_word' id='word_1_42' title='bbox 594 691 698 739; x_wconf 81' lang='lat' dir='ltr'>Quae</span> <span class='ocrx_word' id='word_1_43' title='bbox 719 698 755 726; x_wconf 82' lang='lat' dir='ltr'>te</span> <span class='ocrx_word' id='word_1_44' title='bbox 773 698 847 726; x_wconf 88' lang='lat' dir='ltr'>tam</span> <span class='ocrx_word' id='word_1_45' title='bbox 866 688 960 725; x_wconf 78' lang='lat' dir='ltr'>laeta</span> <span class='ocrx_word' id='word_1_46' title='bbox 986 688 1149 727; x_wconf 84' lang='lat' dir='ltr'>tulerunt</span> 
     </span>
     <span class='ocr_line' id='line_1_7' title="bbox 129 755 1016 806; baseline -0.005 -12"><span class='ocrx_word' id='word_1_47' title='bbox 129 756 309 795; x_wconf 82' lang='lat' dir='ltr'>Saecula?</span> <span class='ocrx_word' id='word_1_48' title='bbox 337 757 399 806; x_wconf 92' lang='lat' dir='ltr'>qui</span> <span class='ocrx_word' id='word_1_49' title='bbox 419 756 510 793; x_wconf 84' lang='lat' dir='ltr'>tanti</span> <span class='ocrx_word' id='word_1_50' title='bbox 529 755 638 792; x_wconf 85' lang='lat' dir='ltr'>talem</span> <span class='ocrx_word' id='word_1_51' title='bbox 652 769 806 806; x_wconf 84' lang='lat' dir='ltr'>genuere</span> <span class='ocrx_word' id='word_1_52' title='bbox 822 764 986 804; x_wconf 83' lang='lat' dir='ltr'>parentes</span> <span class='ocrx_word' id='word_1_53' title='bbox 1004 755 1016 791; x_wconf 87' lang='lat'>?</span> 
     </span>
     <span class='ocr_line' id='line_1_8' title="bbox 129 820 1177 865; baseline -0.004 -5"><span class='ocrx_word' id='word_1_54' title='bbox 129 823 176 860; x_wconf 90' lang='lat' dir='ltr'>In</span> <span class='ocrx_word' id='word_1_55' title='bbox 195 823 288 860; x_wconf 87' lang='lat' dir='ltr'>freta</span> <span class='ocrx_word' id='word_1_56' title='bbox 307 823 394 860; x_wconf 88' lang='lat' dir='ltr'>dum</span> <span class='ocrx_word' id='word_1_57' title='bbox 413 822 510 860; x_wconf 88' lang='lat' dir='ltr'>fluvii</span> <span class='ocrx_word' id='word_1_58' title='bbox 529 831 688 865; x_wconf 87' lang='lat' dir='ltr'>current,</span> <span class='ocrx_word' id='word_1_59' title='bbox 717 822 804 858; x_wconf 87' lang='lat' dir='ltr'>dum</span> <span class='ocrx_word' id='word_1_60' title='bbox 823 821 1007 857; x_wconf 83' lang='lat' dir='ltr'>montibus</span> <span class='ocrx_word' id='word_1_61' title='bbox 1029 820 1177 856; x_wconf 82' lang='lat' dir='ltr'>umbrae</span> 
     </span>
     <span class='ocr_line' id='line_1_9' title="bbox 127 886 1071 938; baseline -0.005 -11"><span class='ocrx_word' id='word_1_62' title='bbox 127 888 360 928; x_wconf 80' lang='lat' dir='ltr'>Lustrabunt</span> <span class='ocrx_word' id='word_1_63' title='bbox 380 903 552 932; x_wconf 82' lang='lat' dir='ltr'>convexa,</span> <span class='ocrx_word' id='word_1_64' title='bbox 574 887 678 938; x_wconf 83' lang='lat' dir='ltr'>polus</span> <span class='ocrx_word' id='word_1_65' title='bbox 693 888 779 924; x_wconf 89' lang='lat' dir='ltr'>dum</span> <span class='ocrx_word' id='word_1_66' title='bbox 799 886 911 923; x_wconf 85' lang='lat' dir='ltr'>sidera</span> <span class='ocrx_word' id='word_1_67' title='bbox 932 894 1071 935; x_wconf 88' lang='lat' dir='ltr'>pascet,</span> 
     </span>
     <span class='ocr_line' id='line_1_10' title="bbox 131 953 1177 1005; baseline -0.005 -13"><span class='ocrx_word' id='word_1_68' title='bbox 131 956 283 1005; x_wconf 83' lang='lat' dir='ltr'>Semper</span> <span class='ocrx_word' id='word_1_69' title='bbox 294 955 422 998; x_wconf 89' lang='lat' dir='ltr'>honos,</span> <span class='ocrx_word' id='word_1_70' title='bbox 430 969 631 1005; x_wconf 88' lang='lat' dir='ltr'>nomenque</span> <span class='ocrx_word' id='word_1_71' title='bbox 638 953 954 1002; x_wconf 88' lang='lat' dir='ltr'>tuum‚laudesque</span> <span class='ocrx_word' id='word_1_72' title='bbox 966 953 1177 996; x_wconf 79' lang='lat' dir='ltr'>manebunt3</span> 
     </span>
     <span class='ocr_line' id='line_1_11' title="bbox 130 1018 1179 1071; baseline -0.005 -13"><span class='ocrx_word' id='word_1_73' title='bbox 130 1022 236 1071; x_wconf 80' lang='lat' dir='ltr'>Quae</span> <span class='ocrx_word' id='word_1_74' title='bbox 257 1035 313 1058; x_wconf 88' lang='lat' dir='ltr'>me</span> <span class='ocrx_word' id='word_1_75' title='bbox 331 1035 487 1070; x_wconf 89' lang='lat' dir='ltr'>cumque</span> <span class='ocrx_word' id='word_1_76' title='bbox 506 1030 636 1058; x_wconf 86' lang='lat' dir='ltr'>vocant</span> <span class='ocrx_word' id='word_1_77' title='bbox 655 1032 782 1057; x_wconf 84' lang='lat' dir='ltr'>terrae.</span> <span class='ocrx_word' id='word_1_78' title='bbox 815 1019 874 1057; x_wconf 87' lang='lat' dir='ltr'>Sic</span> <span class='ocrx_word' id='word_1_79' title='bbox 895 1018 1005 1063; x_wconf 85' lang='lat' dir='ltr'>fatus,</span> <span class='ocrx_word' id='word_1_80' title='bbox 1025 1018 1179 1054; x_wconf 89' lang='lat' dir='ltr'>amicum</span> 
     </span>
     <span class='ocr_line' id='line_1_12' title="bbox 129 1086 974 1137; baseline -0.005 -12"><span class='ocrx_word' id='word_1_81' title='bbox 129 1089 271 1126; x_wconf 86' lang='lat' dir='ltr'>Ilionea</span> <span class='ocrx_word' id='word_1_82' title='bbox 289 1088 383 1137; x_wconf 85' lang='lat' dir='ltr'>petit</span> <span class='ocrx_word' id='word_1_83' title='bbox 402 1088 543 1131; x_wconf 84' lang='lat' dir='ltr'>dextra,</span> <span class='ocrx_word' id='word_1_84' title='bbox 571 1086 741 1137; x_wconf 88' lang='lat' dir='ltr'>laevaque</span> <span class='ocrx_word' id='word_1_85' title='bbox 763 1087 945 1124; x_wconf 82' lang='lat' dir='ltr'>Serestum</span> <span class='ocrx_word' id='word_1_86' title='bbox 964 1100 974 1129; x_wconf 74' lang='grc' dir='ltr'><strong>ς</strong></span> 
     </span>
     <span class='ocr_line' id='line_1_13' title="bbox 131 1150 1177 1203; baseline -0.005 -12"><span class='ocrx_word' id='word_1_87' title='bbox 131 1155 236 1198; x_wconf 87' lang='lat' dir='ltr'><strong>Post,</strong></span> <span class='ocrx_word' id='word_1_88' title='bbox 248 1154 348 1197; x_wconf 84' lang='lat' dir='ltr'>alios,</span> <span class='ocrx_word' id='word_1_89' title='bbox 363 1153 568 1203; x_wconf 81' lang='lat' dir='ltr'>fortemque</span> <span class='ocrx_word' id='word_1_90' title='bbox 585 1153 709 1203; x_wconf 87' lang='lat' dir='ltr'>Gyan,</span> <span class='ocrx_word' id='word_1_91' title='bbox 724 1152 928 1201; x_wconf 88' lang='lat' dir='ltr'>fortemque</span> <span class='ocrx_word' id='word_1_92' title='bbox 944 1150 1177 1189; x_wconf 88' lang='lat' dir='ltr'><strong>Cloanthum.</strong></span> 
     </span>
     <span class='ocr_line' id='line_1_14' title="bbox 185 1218 1034 1270; baseline -0.006 -12"><span class='ocrx_word' id='word_1_93' title='bbox 185 1221 392 1270; x_wconf 86' lang='lat' dir='ltr'>Obstupuit</span> <span class='ocrx_word' id='word_1_94' title='bbox 413 1221 529 1270; x_wconf 87' lang='lat' dir='ltr'>primo</span> <span class='ocrx_word' id='word_1_95' title='bbox 549 1221 725 1270; x_wconf 85' lang='lat' dir='ltr'>adspectu</span> <span class='ocrx_word' id='word_1_96' title='bbox 747 1219 895 1256; x_wconf 86' lang='lat' dir='ltr'>Sidonia</span> <span class='ocrx_word' id='word_1_97' title='bbox 917 1218 1034 1260; x_wconf 83' lang='lat' dir='ltr'>Dido,</span> 
     </span>
     <span class='ocr_line' id='line_1_15' title="bbox 130 1284 1073 1332; baseline -0.007 -5"><span class='ocrx_word' id='word_1_98' title='bbox 130 1289 230 1327; x_wconf 87' lang='lat' dir='ltr'>Casu</span> <span class='ocrx_word' id='word_1_99' title='bbox 249 1287 374 1324; x_wconf 87' lang='lat' dir='ltr'>deinde</span> <span class='ocrx_word' id='word_1_100' title='bbox 395 1287 458 1323; x_wconf 76' lang='lat' dir='ltr'>viri</span> <span class='ocrx_word' id='word_1_101' title='bbox 479 1296 580 1323; x_wconf 88' lang='lat' dir='ltr'>tanto</span> <span class='ocrx_word' id='word_1_102' title='bbox 598 1302 609 1332; x_wconf 90' lang='lat'>;</span> <span class='ocrx_word' id='word_1_103' title='bbox 638 1296 675 1323; x_wconf 84' lang='lat' dir='ltr'>et</span> <span class='ocrx_word' id='word_1_104' title='bbox 704 1286 753 1322; x_wconf 88' lang='lat' dir='ltr'>sic</span> <span class='ocrx_word' id='word_1_105' title='bbox 773 1299 833 1321; x_wconf 90' lang='lat' dir='ltr'>ore</span> <span class='ocrx_word' id='word_1_106' title='bbox 851 1284 974 1321; x_wconf 85' lang='lat' dir='ltr'>locuta</span> <span class='ocrx_word' id='word_1_107' title='bbox 993 1293 1047 1320; x_wconf 84' lang='lat' dir='ltr'>est</span> <span class='ocrx_word' id='word_1_108' title='bbox 1062 1299 1073 1321; x_wconf 75' lang='grc' dir='ltr'>ε</span> 
     </span>
     <span class='ocr_line' id='line_1_16' title="bbox 132 1351 1024 1406; baseline -0.006 -14"><span class='ocrx_word' id='word_1_109' title='bbox 132 1356 226 1406; x_wconf 78' lang='lat' dir='ltr'>Quis</span> <span class='ocrx_word' id='word_1_110' title='bbox 246 1364 296 1399; x_wconf 88' lang='lat' dir='ltr'>te,</span> <span class='ocrx_word' id='word_1_111' title='bbox 325 1363 407 1391; x_wconf 90' lang='lat' dir='ltr'>nate</span> <span class='ocrx_word' id='word_1_112' title='bbox 428 1354 507 1397; x_wconf 87' lang='lat' dir='ltr'>dea,</span> <span class='ocrx_word' id='word_1_113' title='bbox 535 1367 600 1403; x_wconf 85' lang='lat' dir='ltr'>per</span> <span class='ocrx_word' id='word_1_114' title='bbox 627 1361 727 1390; x_wconf 79' lang='lat' dir='ltr'>tanta</span> <span class='ocrx_word' id='word_1_115' title='bbox 747 1351 905 1402; x_wconf 85' lang='lat' dir='ltr'>pericula</span> <span class='ocrx_word' id='word_1_116' title='bbox 923 1365 1024 1388; x_wconf 84' lang='lat' dir='ltr'>casus</span> 
     </span>
     <span class='ocr_line' id='line_1_17' title="bbox 135 1416 1099 1471; baseline -0.006 -12"><span class='ocrx_word' id='word_1_117' title='bbox 135 1421 347 1471; x_wconf 79' lang='lat' dir='ltr'>Insequitur</span> <span class='ocrx_word' id='word_1_118' title='bbox 364 1421 376 1458; x_wconf 69' lang='grc' dir='ltr'><strong><em>ἓ</em></strong></span> <span class='ocrx_word' id='word_1_119' title='bbox 404 1433 495 1470; x_wconf 83' lang='lat' dir='ltr'>quae</span> <span class='ocrx_word' id='word_1_120' title='bbox 515 1419 565 1456; x_wconf 85' lang='lat' dir='ltr'>vis</span> <span class='ocrx_word' id='word_1_121' title='bbox 586 1419 798 1455; x_wconf 82' lang='lat' dir='ltr'>immanibus</span> <span class='ocrx_word' id='word_1_122' title='bbox 819 1417 979 1467; x_wconf 88' lang='lat' dir='ltr'>applicat</span> <span class='ocrx_word' id='word_1_123' title='bbox 999 1416 1068 1452; x_wconf 79' lang='lat' dir='ltr'>oris</span> <span class='ocrx_word' id='word_1_124' title='bbox 1087 1417 1099 1453; x_wconf 75' lang='grc' dir='ltr'><strong><em>ἓ</em></strong></span> 
     </span>
     <span class='ocr_line' id='line_1_18' title="bbox 131 1483 1032 1536; baseline -0.008 -11"><span class='ocrx_word' id='word_1_125' title='bbox 131 1487 242 1525; x_wconf 88' lang='lat' dir='ltr'>Tune</span> <span class='ocrx_word' id='word_1_126' title='bbox 263 1487 321 1524; x_wconf 89' lang='lat' dir='ltr'>ille</span> <span class='ocrx_word' id='word_1_127' title='bbox 342 1487 486 1524; x_wconf 80' lang='lat' dir='ltr'>Aeneas</span> <span class='ocrx_word' id='word_1_128' title='bbox 505 1500 613 1536; x_wconf 89' lang='lat' dir='ltr'>quem</span> <span class='ocrx_word' id='word_1_129' title='bbox 635 1485 824 1524; x_wconf 84' lang='lat' dir='ltr'>Dardanio</span> <span class='ocrx_word' id='word_1_130' title='bbox 845 1483 1032 1521; x_wconf 83' lang='lat' dir='ltr'>Anchisae</span> 
     </span>
     <span class='ocr_line' id='line_1_19' title="bbox 132 1546 1186 1604; baseline -0.006 -12"><span class='ocrx_word' id='word_1_131' title='bbox 132 1555 248 1593; x_wconf 87' lang='lat' dir='ltr'>Alma</span> <span class='ocrx_word' id='word_1_132' title='bbox 266 1556 392 1591; x_wconf 82' lang='lat' dir='ltr'>Venus</span> <span class='ocrx_word' id='word_1_133' title='bbox 412 1553 566 1604; x_wconf 77' lang='lat' dir='ltr'>Phrygii</span> <span class='ocrx_word' id='word_1_134' title='bbox 586 1552 712 1604; x_wconf 85' lang='lat' dir='ltr'>genuit</span> <span class='ocrx_word' id='word_1_135' title='bbox 744 1551 938 1589; x_wconf 68' lang='lat' dir='ltr'>Simoentis</span> <span class='ocrx_word' id='word_1_136' title='bbox 959 1551 1002 1586; x_wconf 85' lang='lat' dir='ltr'>ad</span> <span class='ocrx_word' id='word_1_137' title='bbox 1024 1549 1153 1585; x_wconf 90' lang='lat' dir='ltr'>undam</span> <span class='ocrx_word' id='word_1_138' title='bbox 1172 1546 1186 1586; x_wconf 69' lang='grc' dir='ltr'>ἶ</span> 
     </span>
     <span class='ocr_line' id='line_1_20' title="bbox 132 1616 1130 1671; baseline -0.006 -12"><span class='ocrx_word' id='word_1_139' title='bbox 132 1623 266 1671; x_wconf 85' lang='lat' dir='ltr'>Atque</span> <span class='ocrx_word' id='word_1_140' title='bbox 285 1621 453 1670; x_wconf 87' lang='lat' dir='ltr'>equidem</span> <span class='ocrx_word' id='word_1_141' title='bbox 473 1619 660 1657; x_wconf 85' lang='lat' dir='ltr'>Teucrum</span> <span class='ocrx_word' id='word_1_142' title='bbox 680 1617 824 1654; x_wconf 86' lang='lat' dir='ltr'>memini</span> <span class='ocrx_word' id='word_1_143' title='bbox 847 1617 980 1655; x_wconf 79' lang='lat' dir='ltr'>Sidona</span> <span class='ocrx_word' id='word_1_144' title='bbox 1000 1616 1130 1660; x_wconf 84' lang='lat' dir='ltr'>venire,</span> 
     </span>
     <span class='ocr_line' id='line_1_21' title="bbox 135 1686 1108 1737; baseline -0.007 -11"><span class='ocrx_word' id='word_1_145' title='bbox 135 1689 288 1728; x_wconf 85' lang='lat' dir='ltr'>Finibus</span> <span class='ocrx_word' id='word_1_146' title='bbox 307 1687 498 1737; x_wconf 83' lang='lat' dir='ltr'>expulsum</span> <span class='ocrx_word' id='word_1_147' title='bbox 520 1686 655 1735; x_wconf 87' lang='lat' dir='ltr'>patriis,</span> <span class='ocrx_word' id='word_1_148' title='bbox 685 1698 776 1721; x_wconf 82' lang='lat' dir='ltr'>nova</span> <span class='ocrx_word' id='word_1_149' title='bbox 795 1698 903 1735; x_wconf 86' lang='lat' dir='ltr'>regna</span> <span class='ocrx_word' id='word_1_150' title='bbox 924 1693 1108 1734; x_wconf 84' lang='lat' dir='ltr'>petentem</span> 
     </span>
     <span class='ocr_line' id='line_1_22' title="bbox 134 1750 1028 1800; baseline -0.009 -7"><span class='ocrx_word' id='word_1_151' title='bbox 134 1755 291 1793; x_wconf 83' lang='lat' dir='ltr'>Auxilio</span> <span class='ocrx_word' id='word_1_152' title='bbox 315 1754 420 1791; x_wconf 85' lang='lat' dir='ltr'>Beli:</span> <span class='ocrx_word' id='word_1_153' title='bbox 453 1753 612 1792; x_wconf 85' lang='lat' dir='ltr'>Genitor</span> <span class='ocrx_word' id='word_1_154' title='bbox 642 1762 720 1789; x_wconf 87' lang='lat' dir='ltr'>tum</span> <span class='ocrx_word' id='word_1_155' title='bbox 743 1751 852 1788; x_wconf 76' lang='lat' dir='ltr'>Belus</span> <span class='ocrx_word' id='word_1_156' title='bbox 872 1750 1028 1800; x_wconf 87' lang='lat' dir='ltr'>opimam</span> 
     </span>
     <span class='ocr_line' id='line_1_23' title="bbox 134 1817 1053 1870; baseline -0.007 -12"><span class='ocrx_word' id='word_1_157' title='bbox 134 1821 315 1858; x_wconf 83' lang='lat' dir='ltr'>vastabat</span> <span class='ocrx_word' id='word_1_158' title='bbox 335 1822 515 1870; x_wconf 81' lang='lat' dir='ltr'>Cyprum,</span> <span class='ocrx_word' id='word_1_159' title='bbox 543 1828 580 1856; x_wconf 87' lang='lat' dir='ltr'>et</span> <span class='ocrx_word' id='word_1_160' title='bbox 601 1819 718 1855; x_wconf 82' lang='lat' dir='ltr'>victor</span> <span class='ocrx_word' id='word_1_161' title='bbox 737 1818 873 1854; x_wconf 84' lang='lat' dir='ltr'>ditione</span> <span class='ocrx_word' id='word_1_162' title='bbox 893 1817 1053 1853; x_wconf 86' lang='lat' dir='ltr'>tenebat.</span> 
     </span>
     <span class='ocr_line' id='line_1_24' title="bbox 135 1880 1108 1937; baseline -0.006 -14"><span class='ocrx_word' id='word_1_163' title='bbox 135 1887 323 1936; x_wconf 87' lang='lat' dir='ltr'>Tempore</span> <span class='ocrx_word' id='word_1_164' title='bbox 336 1888 411 1937; x_wconf 89' lang='lat' dir='ltr'>jam</span> <span class='ocrx_word' id='word_1_165' title='bbox 430 1900 474 1923; x_wconf 86' lang='lat' dir='ltr'>ex</span> <span class='ocrx_word' id='word_1_166' title='bbox 494 1885 556 1922; x_wconf 91' lang='lat' dir='ltr'>illo</span> <span class='ocrx_word' id='word_1_167' title='bbox 585 1899 687 1923; x_wconf 82' lang='lat' dir='ltr'>casus</span> <span class='ocrx_word' id='word_1_168' title='bbox 708 1884 794 1921; x_wconf 88' lang='lat' dir='ltr'>mihi</span> <span class='ocrx_word' id='word_1_169' title='bbox 813 1884 990 1934; x_wconf 83' lang='lat' dir='ltr'>cognitus</span> <span class='ocrx_word' id='word_1_170' title='bbox 1010 1880 1108 1918; x_wconf 77' lang='lat' dir='ltr'>urbis</span> 
     </span>
     <span class='ocr_line' id='line_1_25' title="bbox 136 1949 1081 2003; baseline -0.004 -14"><span class='ocrx_word' id='word_1_171' title='bbox 136 1952 331 2003; x_wconf 89' lang='lat' dir='ltr'>Trojanae,</span> <span class='ocrx_word' id='word_1_172' title='bbox 361 1966 561 2001; x_wconf 88' lang='lat' dir='ltr'>nomenque</span> <span class='ocrx_word' id='word_1_173' title='bbox 581 1962 699 1995; x_wconf 85' lang='lat' dir='ltr'>tunm,</span> <span class='ocrx_word' id='word_1_174' title='bbox 729 1965 902 2002; x_wconf 82' lang='lat' dir='ltr'>regesque</span> <span class='ocrx_word' id='word_1_175' title='bbox 924 1949 1081 2000; x_wconf 75' lang='lat' dir='ltr'>Pelasgi.</span> 
     </span>
     <span class='ocr_line' id='line_1_26' title="bbox 139 2017 989 2070; baseline -0.006 -14"><span class='ocrx_word' id='word_1_176' title='bbox 139 2019 224 2067; x_wconf 83' lang='lat' dir='ltr'>Ipse</span> <span class='ocrx_word' id='word_1_177' title='bbox 242 2018 356 2055; x_wconf 79' lang='lat' dir='ltr'>hostis</span> <span class='ocrx_word' id='word_1_178' title='bbox 377 2018 544 2056; x_wconf 86' lang='lat' dir='ltr'>Teucros</span> <span class='ocrx_word' id='word_1_179' title='bbox 563 2019 694 2070; x_wconf 84' lang='lat' dir='ltr'>insigni</span> <span class='ocrx_word' id='word_1_180' title='bbox 713 2018 817 2055; x_wconf 86' lang='lat' dir='ltr'>laude</span> <span class='ocrx_word' id='word_1_181' title='bbox 839 2017 989 2059; x_wconf 83' lang='lat' dir='ltr'>ferebat,</span> 
     </span>
     <span class='ocr_line' id='line_1_27' title="bbox 140 2081 1186 2135; baseline -0.003 -13"><span class='ocrx_word' id='word_1_182' title='bbox 140 2085 259 2134; x_wconf 91' lang='lat' dir='ltr'>Seque</span> <span class='ocrx_word' id='word_1_183' title='bbox 277 2094 398 2121; x_wconf 84' lang='lat' dir='ltr'>ortum</span> <span class='ocrx_word' id='word_1_184' title='bbox 417 2085 565 2135; x_wconf 80' lang='lat' dir='ltr'>antiqua</span> <span class='ocrx_word' id='word_1_185' title='bbox 584 2086 812 2123; x_wconf 83' lang='lat' dir='ltr'>Teucrorum</span> <span class='ocrx_word' id='word_1_186' title='bbox 833 2085 877 2120; x_wconf 86' lang='lat' dir='ltr'>ab</span> <span class='ocrx_word' id='word_1_187' title='bbox 899 2083 1010 2132; x_wconf 80' lang='lat' dir='ltr'>stirpe</span> <span class='ocrx_word' id='word_1_188' title='bbox 1030 2081 1186 2119; x_wconf 43' lang='lat' dir='ltr'>volebat.</span> 
     </span>
     <span class='ocr_line' id='line_1_28' title="bbox 139 2148 1162 2203; baseline -0.002 -15"><span class='ocrx_word' id='word_1_189' title='bbox 139 2152 264 2201; x_wconf 77' lang='lat' dir='ltr'>Quare</span> <span class='ocrx_word' id='word_1_190' title='bbox 283 2152 395 2202; x_wconf 84' lang='lat' dir='ltr'>agite,</span> <span class='ocrx_word' id='word_1_191' title='bbox 416 2167 451 2196; x_wconf 91' lang='lat' dir='ltr'>o,</span> <span class='ocrx_word' id='word_1_192' title='bbox 472 2152 594 2195; x_wconf 87' lang='lat' dir='ltr'>tectis,</span> <span class='ocrx_word' id='word_1_193' title='bbox 608 2154 755 2203; x_wconf 79' lang='lat' dir='ltr'>juvenes</span> <span class='ocrx_word' id='word_1_194' title='bbox 775 2153 782 2188; x_wconf 86' lang='lat'>!</span> <span class='ocrx_word' id='word_1_195' title='bbox 817 2149 1000 2186; x_wconf 60' lang='lat' dir='ltr'>succedite</span> <span class='ocrx_word' id='word_1_196' title='bbox 1021 2148 1162 2186; x_wconf 68' lang='lat' dir='ltr'>nostris.</span> 
     </span>
     <span class='ocr_line' id='line_1_29' title="bbox 140 2216 1083 2269; baseline -0.003 -14"><span class='ocrx_word' id='word_1_197' title='bbox 140 2217 208 2265; x_wconf 83' lang='lat' dir='ltr'>Me</span> <span class='ocrx_word' id='word_1_198' title='bbox 227 2232 373 2269; x_wconf 87' lang='lat' dir='ltr'>quoque</span> <span class='ocrx_word' id='word_1_199' title='bbox 393 2233 460 2269; x_wconf 91' lang='lat' dir='ltr'>per</span> <span class='ocrx_word' id='word_1_200' title='bbox 476 2219 612 2257; x_wconf 81' lang='lat' dir='ltr'>multos</span> <span class='ocrx_word' id='word_1_201' title='bbox 632 2218 754 2257; x_wconf 83' lang='lat' dir='ltr'>similis</span> <span class='ocrx_word' id='word_1_202' title='bbox 779 2216 926 2254; x_wconf 78' lang='lat' dir='ltr'>fortuna</span> <span class='ocrx_word' id='word_1_203' title='bbox 944 2216 1083 2253; x_wconf 67' lang='lat' dir='ltr'>labores</span> 
     </span>
    </p>
   </div>
  </div>
 </body>
</html>
