<?xml version="1.0" encoding="UTF-8"?>
<!DOCTYPE html PUBLIC "-//W3C//DTD XHTML 1.0 Transitional//EN"
    "http://www.w3.org/TR/xhtml1/DTD/xhtml1-transitional.dtd">
<html xmlns="http://www.w3.org/1999/xhtml" xml:lang="en" lang="en">
 <head>
  <title>
</title>
<meta http-equiv="Content-Type" content="text/html;charset=utf-8" />
  <meta name='ocr-system' content='tesseract 3.04.00' />
  <meta name='ocr-capabilities' content='ocr_page ocr_carea ocr_par ocr_line ocrx_word'/>
</head>
<body>
  <div class='ocr_page' id='page_1' title='image "./operahun01virguoft_0191.png"; bbox 0 0 1493 2605; ppageno 0'>
   <div class='ocr_carea' id='block_1_1' title="bbox 159 320 1206 363">
    <p class='ocr_par' dir='ltr' id='par_1_1' title="bbox 159 320 1206 363">
     <span class='ocr_line' id='line_1_1' title="bbox 159 320 1206 363; baseline -0.002 -3"><span class='ocrx_word' id='word_1_1' title='bbox 159 338 192 362; x_wconf 78' lang='lat' dir='ltr'>v.</span> <span class='ocrx_word' id='word_1_2' title='bbox 208 327 299 363; x_wconf 76' lang='lat'>495.</span> <span class='ocrx_word' id='word_1_3' title='bbox 480 320 780 360; x_wconf 68' lang='lat' dir='ltr'>AENEIDOS</span> <span class='ocrx_word' id='word_1_4' title='bbox 838 321 895 358; x_wconf 88' lang='grc' dir='ltr'>ΙΙ.</span> <span class='ocrx_word' id='word_1_5' title='bbox 1130 322 1206 359; x_wconf 77' lang='lat'>165</span> 
     </span>
    </p>
   </div>
   <div class='ocr_carea' id='block_1_2' title="bbox 137 432 1206 2280">
    <p class='ocr_par' dir='ltr' id='par_1_2' title="bbox 137 432 1206 2280">
     <span class='ocr_line' id='line_1_2' title="bbox 160 432 1066 483; baseline -0.003 -11"><span class='ocrx_word' id='word_1_6' title='bbox 160 435 312 472; x_wconf 85' lang='lat' dir='ltr'>Immissi</span> <span class='ocrx_word' id='word_1_7' title='bbox 335 434 468 483; x_wconf 85' lang='lat' dir='ltr'>Danai,</span> <span class='ocrx_word' id='word_1_8' title='bbox 489 444 524 471; x_wconf 80' lang='lat' dir='ltr'>et</span> <span class='ocrx_word' id='word_1_9' title='bbox 545 434 616 470; x_wconf 72' lang='lat' dir='ltr'>late</span> <span class='ocrx_word' id='word_1_10' title='bbox 635 433 715 470; x_wconf 86' lang='lat' dir='ltr'>loca</span> <span class='ocrx_word' id='word_1_11' title='bbox 738 433 849 470; x_wconf 86' lang='lat' dir='ltr'>milite</span> <span class='ocrx_word' id='word_1_12' title='bbox 869 432 1066 482; x_wconf 83' lang='lat' dir='ltr'>complent.</span> 
     </span>
     <span class='ocr_line' id='line_1_3' title="bbox 161 498 1155 552; baseline -0.002 -15"><span class='ocrx_word' id='word_1_13' title='bbox 161 502 246 538; x_wconf 91' lang='lat' dir='ltr'>Non</span> <span class='ocrx_word' id='word_1_14' title='bbox 268 501 330 544; x_wconf 84' lang='lat' dir='ltr'>sic,</span> <span class='ocrx_word' id='word_1_15' title='bbox 359 501 554 552; x_wconf 80' lang='lat' dir='ltr'>aggeribus</span> <span class='ocrx_word' id='word_1_16' title='bbox 575 501 702 550; x_wconf 83' lang='lat' dir='ltr'>ruptis,</span> <span class='ocrx_word' id='word_1_17' title='bbox 723 514 836 550; x_wconf 88' lang='lat' dir='ltr'>quum</span> <span class='ocrx_word' id='word_1_18' title='bbox 855 513 1024 550; x_wconf 85' lang='lat' dir='ltr'>spumeus</span> <span class='ocrx_word' id='word_1_19' title='bbox 1043 498 1155 535; x_wconf 81' lang='lat' dir='ltr'>amnis</span> 
     </span>
     <span class='ocr_line' id='line_1_4' title="bbox 157 566 992 618; baseline -0.002 -13"><span class='ocrx_word' id='word_1_20' title='bbox 157 568 276 613; x_wconf 83' lang='lat' dir='ltr'>Exiit,</span> <span class='ocrx_word' id='word_1_21' title='bbox 296 568 556 618; x_wconf 80' lang='lat' dir='ltr'>oppositasque</span> <span class='ocrx_word' id='word_1_22' title='bbox 576 566 683 603; x_wconf 80' lang='lat' dir='ltr'>evicit</span> <span class='ocrx_word' id='word_1_23' title='bbox 699 567 846 617; x_wconf 79' lang='lat' dir='ltr'>gurgite</span> <span class='ocrx_word' id='word_1_24' title='bbox 866 566 992 610; x_wconf 87' lang='lat' dir='ltr'>moles,</span> 
     </span>
     <span class='ocr_line' id='line_1_5' title="bbox 156 632 1205 683; baseline -0.001 -13"><span class='ocrx_word' id='word_1_25' title='bbox 156 633 290 671; x_wconf 76' lang='lat' dir='ltr'>Fertur</span> <span class='ocrx_word' id='word_1_26' title='bbox 308 635 341 671; x_wconf 90' lang='lat' dir='ltr'>in</span> <span class='ocrx_word' id='word_1_27' title='bbox 356 648 437 670; x_wconf 81' lang='lat' dir='ltr'>arva</span> <span class='ocrx_word' id='word_1_28' title='bbox 453 634 573 671; x_wconf 86' lang='lat' dir='ltr'>furens</span> <span class='ocrx_word' id='word_1_29' title='bbox 588 633 750 676; x_wconf 85' lang='lat' dir='ltr'>cumulo,</span> <span class='ocrx_word' id='word_1_30' title='bbox 771 647 990 683; x_wconf 66' lang='lat' dir='ltr'>camposque</span> <span class='ocrx_word' id='word_1_31' title='bbox 1007 647 1072 682; x_wconf 91' lang='lat' dir='ltr'>per</span> <span class='ocrx_word' id='word_1_32' title='bbox 1090 632 1205 670; x_wconf 82' lang='lat' dir='ltr'>omnis</span> 
     </span>
     <span class='ocr_line' id='line_1_6' title="bbox 153 698 1186 749; baseline -0.002 -11"><span class='ocrx_word' id='word_1_33' title='bbox 153 701 248 738; x_wconf 78' lang='lat' dir='ltr'>Cum</span> <span class='ocrx_word' id='word_1_34' title='bbox 269 700 419 737; x_wconf 85' lang='lat' dir='ltr'>stabulis</span> <span class='ocrx_word' id='word_1_35' title='bbox 439 710 598 737; x_wconf 80' lang='lat' dir='ltr'>armenta</span> <span class='ocrx_word' id='word_1_36' title='bbox 617 701 742 737; x_wconf 85' lang='lat' dir='ltr'>trahit.</span> <span class='ocrx_word' id='word_1_37' title='bbox 801 699 887 736; x_wconf 90' lang='lat' dir='ltr'>Vidi</span> <span class='ocrx_word' id='word_1_38' title='bbox 909 699 983 749; x_wconf 86' lang='lat' dir='ltr'>ipse</span> <span class='ocrx_word' id='word_1_39' title='bbox 1004 698 1186 736; x_wconf 84' lang='lat' dir='ltr'>furentem</span> 
     </span>
     <span class='ocr_line' id='line_1_7' title="bbox 152 764 1204 815; baseline -0.001 -11"><span class='ocrx_word' id='word_1_40' title='bbox 152 767 274 804; x_wconf 86' lang='lat' dir='ltr'>Caede</span> <span class='ocrx_word' id='word_1_41' title='bbox 291 766 585 815; x_wconf 78' lang='lat' dir='ltr'>Neoptolemum,</span> <span class='ocrx_word' id='word_1_42' title='bbox 599 765 833 815; x_wconf 80' lang='lat' dir='ltr'>geminosque</span> <span class='ocrx_word' id='word_1_43' title='bbox 846 765 880 801; x_wconf 92' lang='lat' dir='ltr'>in</span> <span class='ocrx_word' id='word_1_44' title='bbox 894 764 1015 801; x_wconf 89' lang='lat' dir='ltr'>limine</span> <span class='ocrx_word' id='word_1_45' title='bbox 1030 765 1204 803; x_wconf 85' lang='lat' dir='ltr'>Atridas:</span> 
     </span>
     <span class='ocr_line' id='line_1_8' title="bbox 152 831 1206 880; baseline -0.002 -10"><span class='ocrx_word' id='word_1_46' title='bbox 152 833 241 870; x_wconf 88' lang='lat' dir='ltr'>Vidi</span> <span class='ocrx_word' id='word_1_47' title='bbox 255 832 465 873; x_wconf 77' lang='lat' dir='ltr'>Hecubam,</span> <span class='ocrx_word' id='word_1_48' title='bbox 487 842 706 880; x_wconf 79' lang='lat' dir='ltr'>centumque</span> <span class='ocrx_word' id='word_1_49' title='bbox 722 845 844 875; x_wconf 82' lang='lat' dir='ltr'>nurus,</span> <span class='ocrx_word' id='word_1_50' title='bbox 866 831 1123 880; x_wconf 79' lang='lat' dir='ltr'>Priamumque</span> <span class='ocrx_word' id='word_1_51' title='bbox 1140 845 1206 880; x_wconf 81' lang='lat' dir='ltr'>per</span> 
     </span>
     <span class='ocr_line' id='line_1_9' title="bbox 152 897 1206 949; baseline -0.002 -13"><span class='ocrx_word' id='word_1_52' title='bbox 152 900 336 949; x_wconf 79' lang='lat' dir='ltr'>Sanguine</span> <span class='ocrx_word' id='word_1_53' title='bbox 346 899 664 947; x_wconf 87' lang='lat' dir='ltr'>foedantem‚quos</span> <span class='ocrx_word' id='word_1_54' title='bbox 676 899 750 947; x_wconf 83' lang='lat' dir='ltr'>ipse</span> <span class='ocrx_word' id='word_1_55' title='bbox 759 897 1084 947; x_wconf 84' lang='lat' dir='ltr'>sacraverat,ignis.</span> <span class='ocrx_word' id='word_1_56' title='bbox 1107 900 1206 947; x_wconf 82' lang='lat' dir='ltr'>[aras</span> 
     </span>
     <span class='ocr_line' id='line_1_10' title="bbox 151 964 1125 1016; baseline -0.002 -14"><span class='ocrx_word' id='word_1_57' title='bbox 151 966 432 1016; x_wconf 78' lang='lat' dir='ltr'>Quinquaginta</span> <span class='ocrx_word' id='word_1_58' title='bbox 451 965 501 1001; x_wconf 75' lang='lat' dir='ltr'>iili</span> <span class='ocrx_word' id='word_1_59' title='bbox 521 964 683 1006; x_wconf 84' lang='lat' dir='ltr'>thalami,</span> <span class='ocrx_word' id='word_1_60' title='bbox 714 978 794 1013; x_wconf 84' lang='lat' dir='ltr'>spes</span> <span class='ocrx_word' id='word_1_61' title='bbox 813 974 916 1000; x_wconf 88' lang='lat' dir='ltr'>tanta</span> <span class='ocrx_word' id='word_1_62' title='bbox 936 974 1125 1013; x_wconf 80' lang='lat' dir='ltr'>nepotum,</span> 
     </span>
     <span class='ocr_line' id='line_1_11' title="bbox 150 1030 992 1082; baseline -0.005 -13"><span class='ocrx_word' id='word_1_63' title='bbox 150 1031 347 1070; x_wconf 83' lang='lat' dir='ltr'>Barbarico</span> <span class='ocrx_word' id='word_1_64' title='bbox 369 1040 492 1082; x_wconf 81' lang='lat' dir='ltr'>postes</span> <span class='ocrx_word' id='word_1_65' title='bbox 511 1045 598 1067; x_wconf 88' lang='lat' dir='ltr'>auro</span> <span class='ocrx_word' id='word_1_66' title='bbox 620 1030 813 1080; x_wconf 86' lang='lat' dir='ltr'>spoliisque</span> <span class='ocrx_word' id='word_1_67' title='bbox 833 1031 992 1080; x_wconf 83' lang='lat' dir='ltr'>superbi,</span> 
     </span>
     <span class='ocr_line' id='line_1_12' title="bbox 147 1097 1120 1147; baseline -0.002 -11"><span class='ocrx_word' id='word_1_68' title='bbox 147 1098 394 1136; x_wconf 80' lang='lat' dir='ltr'>Procubuere.</span> <span class='ocrx_word' id='word_1_69' title='bbox 452 1098 599 1134; x_wconf 77' lang='lat' dir='ltr'>Tenent</span> <span class='ocrx_word' id='word_1_70' title='bbox 621 1097 756 1140; x_wconf 82' lang='lat' dir='ltr'>Danai,</span> <span class='ocrx_word' id='word_1_71' title='bbox 777 1111 848 1146; x_wconf 90' lang='lat' dir='ltr'>qua</span> <span class='ocrx_word' id='word_1_72' title='bbox 868 1097 990 1133; x_wconf 78' lang='lat' dir='ltr'>deficit</span> <span class='ocrx_word' id='word_1_73' title='bbox 1013 1097 1120 1147; x_wconf 84' lang='lat' dir='ltr'>ignis.</span> 
     </span>
     <span class='ocr_line' id='line_1_13' title="bbox 200 1163 1174 1213; baseline 0.001 -12"><span class='ocrx_word' id='word_1_74' title='bbox 200 1165 368 1201; x_wconf 79' lang='lat' dir='ltr'>Forsitan</span> <span class='ocrx_word' id='word_1_75' title='bbox 389 1173 439 1207; x_wconf 90' lang='lat' dir='ltr'>et,</span> <span class='ocrx_word' id='word_1_76' title='bbox 464 1163 595 1200; x_wconf 86' lang='lat' dir='ltr'>Priami</span> <span class='ocrx_word' id='word_1_77' title='bbox 615 1163 750 1199; x_wconf 86' lang='lat' dir='ltr'>fuerint</span> <span class='ocrx_word' id='word_1_78' title='bbox 771 1177 862 1212; x_wconf 88' lang='lat' dir='ltr'>quae</span> <span class='ocrx_word' id='word_1_79' title='bbox 883 1163 971 1206; x_wconf 80' lang='lat' dir='ltr'>fata,</span> <span class='ocrx_word' id='word_1_80' title='bbox 1002 1164 1174 1213; x_wconf 81' lang='lat' dir='ltr'>requiras.</span> 
     </span>
     <span class='ocr_line' id='line_1_14' title="bbox 146 1228 1011 1279; baseline -0.002 -12"><span class='ocrx_word' id='word_1_81' title='bbox 146 1230 262 1268; x_wconf 88' lang='lat' dir='ltr'>Urbis</span> <span class='ocrx_word' id='word_1_82' title='bbox 283 1230 336 1266; x_wconf 90' lang='lat' dir='ltr'>uti</span> <span class='ocrx_word' id='word_1_83' title='bbox 356 1239 486 1279; x_wconf 85' lang='lat' dir='ltr'>captae</span> <span class='ocrx_word' id='word_1_84' title='bbox 506 1242 640 1272; x_wconf 88' lang='lat' dir='ltr'>casum,</span> <span class='ocrx_word' id='word_1_85' title='bbox 661 1228 902 1279; x_wconf 77' lang='lat' dir='ltr'>convolsaque</span> <span class='ocrx_word' id='word_1_86' title='bbox 923 1229 1011 1266; x_wconf 84' lang='lat' dir='ltr'>vidit</span> 
     </span>
     <span class='ocr_line' id='line_1_15' title="bbox 143 1295 1197 1345; baseline 0.002 -13"><span class='ocrx_word' id='word_1_87' title='bbox 143 1297 292 1333; x_wconf 76' lang='lat' dir='ltr'>Lirnina</span> <span class='ocrx_word' id='word_1_88' title='bbox 304 1305 498 1339; x_wconf 88' lang='lat' dir='ltr'>tectorum,</span> <span class='ocrx_word' id='word_1_89' title='bbox 511 1305 547 1332; x_wconf 89' lang='lat' dir='ltr'>et</span> <span class='ocrx_word' id='word_1_90' title='bbox 562 1295 719 1332; x_wconf 87' lang='lat' dir='ltr'>medium</span> <span class='ocrx_word' id='word_1_91' title='bbox 731 1296 765 1331; x_wconf 91' lang='lat' dir='ltr'>in</span> <span class='ocrx_word' id='word_1_92' title='bbox 780 1295 1025 1345; x_wconf 85' lang='lat' dir='ltr'>penetralibus</span> <span class='ocrx_word' id='word_1_93' title='bbox 1038 1296 1197 1342; x_wconf 85' lang='lat' dir='ltr'>hostem3</span> 
     </span>
     <span class='ocr_line' id='line_1_16' title="bbox 144 1362 1012 1400; baseline -0.001 -1"><span class='ocrx_word' id='word_1_94' title='bbox 144 1363 264 1400; x_wconf 60' lang='lat' dir='ltr'>Arma</span> <span class='ocrx_word' id='word_1_95' title='bbox 286 1363 347 1399; x_wconf 86' lang='lat' dir='ltr'>diu</span> <span class='ocrx_word' id='word_1_96' title='bbox 368 1363 484 1399; x_wconf 88' lang='lat' dir='ltr'>senior</span> <span class='ocrx_word' id='word_1_97' title='bbox 502 1362 650 1399; x_wconf 82' lang='lat' dir='ltr'>desueta</span> <span class='ocrx_word' id='word_1_98' title='bbox 669 1362 905 1398; x_wconf 86' lang='lat' dir='ltr'>trementibus</span> <span class='ocrx_word' id='word_1_99' title='bbox 926 1375 1012 1398; x_wconf 87' lang='lat' dir='ltr'>aevo</span> 
     </span>
     <span class='ocr_line' id='line_1_17' title="bbox 144 1428 1175 1479; baseline 0 -11"><span class='ocrx_word' id='word_1_100' title='bbox 144 1430 359 1468; x_wconf 86' lang='lat' dir='ltr'>Circumdat</span> <span class='ocrx_word' id='word_1_101' title='bbox 379 1428 622 1479; x_wconf 83' lang='lat' dir='ltr'>nequidquam</span> <span class='ocrx_word' id='word_1_102' title='bbox 642 1428 812 1472; x_wconf 88' lang='lat' dir='ltr'>humeris,</span> <span class='ocrx_word' id='word_1_103' title='bbox 839 1437 876 1465; x_wconf 89' lang='lat' dir='ltr'>et</span> <span class='ocrx_word' id='word_1_104' title='bbox 895 1428 1021 1465; x_wconf 87' lang='lat' dir='ltr'>inutile</span> <span class='ocrx_word' id='word_1_105' title='bbox 1040 1429 1175 1468; x_wconf 72' lang='lat' dir='ltr'>ferrum</span> 
     </span>
     <span class='ocr_line' id='line_1_18' title="bbox 143 1494 1091 1546; baseline -0.001 -13"><span class='ocrx_word' id='word_1_106' title='bbox 143 1495 331 1546; x_wconf 80' lang='lat' dir='ltr'>Cingitur,</span> <span class='ocrx_word' id='word_1_107' title='bbox 351 1509 392 1532; x_wconf 90' lang='lat' dir='ltr'>ac</span> <span class='ocrx_word' id='word_1_108' title='bbox 413 1496 543 1532; x_wconf 74' lang='lat' dir='ltr'>densos</span> <span class='ocrx_word' id='word_1_109' title='bbox 561 1494 675 1531; x_wconf 87' lang='lat' dir='ltr'>fertur</span> <span class='ocrx_word' id='word_1_110' title='bbox 695 1494 890 1531; x_wconf 89' lang='lat' dir='ltr'>moriturus</span> <span class='ocrx_word' id='word_1_111' title='bbox 909 1495 942 1530; x_wconf 93' lang='lat' dir='ltr'>in</span> <span class='ocrx_word' id='word_1_112' title='bbox 963 1495 1091 1532; x_wconf 87' lang='lat' dir='ltr'>hostis.</span> 
     </span>
     <span class='ocr_line' id='line_1_19' title="bbox 195 1561 1146 1611; baseline 0.001 -12"><span class='ocrx_word' id='word_1_113' title='bbox 195 1562 367 1599; x_wconf 85' lang='lat' dir='ltr'>Aedibus</span> <span class='ocrx_word' id='word_1_114' title='bbox 387 1562 421 1597; x_wconf 90' lang='lat' dir='ltr'>in</span> <span class='ocrx_word' id='word_1_115' title='bbox 442 1561 583 1603; x_wconf 82' lang='lat' dir='ltr'>mediis,</span> <span class='ocrx_word' id='word_1_116' title='bbox 615 1562 785 1611; x_wconf 90' lang='lat' dir='ltr'>nudoque</span> <span class='ocrx_word' id='word_1_117' title='bbox 806 1562 871 1597; x_wconf 86' lang='lat' dir='ltr'>sub</span> <span class='ocrx_word' id='word_1_118' title='bbox 893 1562 1046 1599; x_wconf 87' lang='lat' dir='ltr'>aetheris</span> <span class='ocrx_word' id='word_1_119' title='bbox 1065 1576 1146 1608; x_wconf 81' lang='lat' dir='ltr'>axe,</span> 
     </span>
     <span class='ocr_line' id='line_1_20' title="bbox 143 1627 1039 1680; baseline -0.001 -14"><span class='ocrx_word' id='word_1_120' title='bbox 143 1630 278 1680; x_wconf 72' lang='lat' dir='ltr'>Ingens</span> <span class='ocrx_word' id='word_1_121' title='bbox 299 1642 358 1665; x_wconf 88' lang='lat' dir='ltr'>ara</span> <span class='ocrx_word' id='word_1_122' title='bbox 377 1627 472 1672; x_wconf 86' lang='lat' dir='ltr'>fuit;</span> <span class='ocrx_word' id='word_1_123' title='bbox 497 1630 674 1679; x_wconf 82' lang='lat' dir='ltr'>juxtaque</span> <span class='ocrx_word' id='word_1_124' title='bbox 699 1628 886 1664; x_wconf 86' lang='lat' dir='ltr'>veterrima</span> <span class='ocrx_word' id='word_1_125' title='bbox 906 1628 1039 1671; x_wconf 88' lang='lat' dir='ltr'>laurus,</span> 
     </span>
     <span class='ocr_line' id='line_1_21' title="bbox 142 1694 1152 1744; baseline 0 -12"><span class='ocrx_word' id='word_1_126' title='bbox 142 1696 363 1733; x_wconf 86' lang='lat' dir='ltr'>Incumbens</span> <span class='ocrx_word' id='word_1_127' title='bbox 383 1708 475 1738; x_wconf 87' lang='lat' dir='ltr'>arae,</span> <span class='ocrx_word' id='word_1_128' title='bbox 491 1703 602 1743; x_wconf 88' lang='lat' dir='ltr'>atque</span> <span class='ocrx_word' id='word_1_129' title='bbox 624 1694 750 1730; x_wconf 89' lang='lat' dir='ltr'>umbra</span> <span class='ocrx_word' id='word_1_130' title='bbox 771 1694 963 1744; x_wconf 80' lang='lat' dir='ltr'>complexa</span> <span class='ocrx_word' id='word_1_131' title='bbox 984 1695 1152 1732; x_wconf 84' lang='lat' dir='ltr'>Penates.</span> 
     </span>
     <span class='ocr_line' id='line_1_22' title="bbox 141 1761 1171 1811; baseline -0.001 -12"><span class='ocrx_word' id='word_1_132' title='bbox 141 1761 221 1799; x_wconf 87' lang='lat' dir='ltr'>Hic</span> <span class='ocrx_word' id='word_1_133' title='bbox 244 1761 406 1798; x_wconf 89' lang='lat' dir='ltr'>Hecuba</span> <span class='ocrx_word' id='word_1_134' title='bbox 425 1771 461 1797; x_wconf 88' lang='lat' dir='ltr'>et</span> <span class='ocrx_word' id='word_1_135' title='bbox 483 1770 586 1797; x_wconf 83' lang='lat' dir='ltr'>natae</span> <span class='ocrx_word' id='word_1_136' title='bbox 607 1761 851 1811; x_wconf 86' lang='lat' dir='ltr'>nequidquam</span> <span class='ocrx_word' id='word_1_137' title='bbox 873 1761 997 1797; x_wconf 87' lang='lat' dir='ltr'>altaria</span> <span class='ocrx_word' id='word_1_138' title='bbox 1021 1764 1171 1806; x_wconf 81' lang='lat' dir='ltr'>circum,</span> 
     </span>
     <span class='ocr_line' id='line_1_23' title="bbox 140 1826 1009 1878; baseline 0 -14"><span class='ocrx_word' id='word_1_139' title='bbox 140 1828 362 1878; x_wconf 85' lang='lat' dir='ltr'>Praecipites</span> <span class='ocrx_word' id='word_1_140' title='bbox 382 1837 459 1863; x_wconf 84' lang='lat' dir='ltr'>atra</span> <span class='ocrx_word' id='word_1_141' title='bbox 479 1841 544 1864; x_wconf 89' lang='lat' dir='ltr'>ceu</span> <span class='ocrx_word' id='word_1_142' title='bbox 565 1836 785 1877; x_wconf 83' lang='lat' dir='ltr'>tempestate</span> <span class='ocrx_word' id='word_1_143' title='bbox 806 1826 1009 1872; x_wconf 82' lang='lat' dir='ltr'>columbae,</span> 
     </span>
     <span class='ocr_line' id='line_1_24' title="bbox 139 1893 1200 1945; baseline 0 -13"><span class='ocrx_word' id='word_1_144' title='bbox 139 1895 366 1938; x_wconf 85' lang='lat' dir='ltr'>Condensae,</span> <span class='ocrx_word' id='word_1_145' title='bbox 386 1903 424 1930; x_wconf 88' lang='lat' dir='ltr'>et</span> <span class='ocrx_word' id='word_1_146' title='bbox 446 1894 567 1930; x_wconf 88' lang='lat' dir='ltr'>divom</span> <span class='ocrx_word' id='word_1_147' title='bbox 588 1893 774 1944; x_wconf 86' lang='lat' dir='ltr'>amplexae</span> <span class='ocrx_word' id='word_1_148' title='bbox 791 1893 993 1937; x_wconf 80' lang='lat' dir='ltr'>simulacra,</span> <span class='ocrx_word' id='word_1_149' title='bbox 1016 1895 1200 1945; x_wconf 80' lang='lat' dir='ltr'>sedebant.</span> 
     </span>
     <span class='ocr_line' id='line_1_25' title="bbox 140 1961 1143 2012; baseline -0.002 -13"><span class='ocrx_word' id='word_1_150' title='bbox 140 1962 272 2010; x_wconf 84' lang='lat' dir='ltr'>Ipsum</span> <span class='ocrx_word' id='word_1_151' title='bbox 292 1969 415 1997; x_wconf 89' lang='lat' dir='ltr'>autem</span> <span class='ocrx_word' id='word_1_152' title='bbox 435 1961 562 1997; x_wconf 85' lang='lat' dir='ltr'>sumtis</span> <span class='ocrx_word' id='word_1_153' title='bbox 589 1961 772 1998; x_wconf 82' lang='lat' dir='ltr'>Priamum</span> <span class='ocrx_word' id='word_1_154' title='bbox 789 1961 1016 2012; x_wconf 75' lang='lat' dir='ltr'>juvenalibus</span> <span class='ocrx_word' id='word_1_155' title='bbox 1036 1962 1143 1997; x_wconf 79' lang='lat' dir='ltr'>armis</span> 
     </span>
     <span class='ocr_line' id='line_1_26' title="bbox 140 2027 1195 2078; baseline 0.002 -15"><span class='ocrx_word' id='word_1_156' title='bbox 140 2027 200 2064; x_wconf 88' lang='lat' dir='ltr'>Ut</span> <span class='ocrx_word' id='word_1_157' title='bbox 223 2027 313 2064; x_wconf 84' lang='lat' dir='ltr'>vidit</span> <span class='ocrx_word' id='word_1_158' title='bbox 332 2043 343 2072; x_wconf 72' lang='grc' dir='ltr'>ς</span> <span class='ocrx_word' id='word_1_159' title='bbox 367 2028 473 2076; x_wconf 83' lang='lat' dir='ltr'>Quae</span> <span class='ocrx_word' id='word_1_160' title='bbox 493 2041 592 2065; x_wconf 83' lang='lat' dir='ltr'>mens</span> <span class='ocrx_word' id='word_1_161' title='bbox 612 2037 686 2065; x_wconf 85' lang='lat' dir='ltr'>tam</span> <span class='ocrx_word' id='word_1_162' title='bbox 702 2028 792 2071; x_wconf 86' lang='lat' dir='ltr'>dira,</span> <span class='ocrx_word' id='word_1_163' title='bbox 812 2027 1005 2064; x_wconf 87' lang='lat' dir='ltr'>miserrime</span> <span class='ocrx_word' id='word_1_164' title='bbox 1020 2030 1195 2078; x_wconf 80' lang='lat' dir='ltr'>conjunx,</span> 
     </span>
     <span class='ocr_line' id='line_1_27' title="bbox 146 2094 1099 2145; baseline 0 -13"><span class='ocrx_word' id='word_1_165' title='bbox 146 2094 307 2143; x_wconf 84' lang='lat' dir='ltr'>Impulit</span> <span class='ocrx_word' id='word_1_166' title='bbox 327 2094 382 2130; x_wconf 86' lang='lat' dir='ltr'>his</span> <span class='ocrx_word' id='word_1_167' title='bbox 402 2094 501 2145; x_wconf 88' lang='lat' dir='ltr'>cingi</span> <span class='ocrx_word' id='word_1_168' title='bbox 521 2094 600 2131; x_wconf 87' lang='lat' dir='ltr'>telis</span> <span class='ocrx_word' id='word_1_169' title='bbox 619 2095 632 2132; x_wconf 82' lang='lat'>?</span> <span class='ocrx_word' id='word_1_170' title='bbox 661 2103 724 2132; x_wconf 90' lang='lat' dir='ltr'>aut</span> <span class='ocrx_word' id='word_1_171' title='bbox 745 2109 819 2144; x_wconf 92' lang='lat' dir='ltr'>quo</span> <span class='ocrx_word' id='word_1_172' title='bbox 840 2094 940 2132; x_wconf 84' lang='lat' dir='ltr'>ruis?</span> <span class='ocrx_word' id='word_1_173' title='bbox 967 2094 1099 2144; x_wconf 86' lang='lat' dir='ltr'>inquit.</span> 
     </span>
     <span class='ocr_line' id='line_1_28' title="bbox 139 2160 955 2205; baseline -0.002 -6"><span class='ocrx_word' id='word_1_174' title='bbox 139 2161 229 2199; x_wconf 89' lang='lat' dir='ltr'>Non</span> <span class='ocrx_word' id='word_1_175' title='bbox 249 2160 313 2197; x_wconf 87' lang='lat' dir='ltr'>tali</span> <span class='ocrx_word' id='word_1_176' title='bbox 332 2160 482 2205; x_wconf 87' lang='lat' dir='ltr'>auxilio,</span> <span class='ocrx_word' id='word_1_177' title='bbox 511 2175 575 2199; x_wconf 90' lang='lat' dir='ltr'>nec</span> <span class='ocrx_word' id='word_1_178' title='bbox 595 2160 844 2198; x_wconf 88' lang='lat' dir='ltr'>defensoribus</span> <span class='ocrx_word' id='word_1_179' title='bbox 864 2162 955 2205; x_wconf 85' lang='lat' dir='ltr'>istis,</span> 
     </span>
     <span class='ocr_line' id='line_1_29' title="bbox 137 2226 1193 2280; baseline 0.003 -14"><span class='ocrx_word' id='word_1_180' title='bbox 137 2226 306 2279; x_wconf 82' lang='lat' dir='ltr'>Tempus</span> <span class='ocrx_word' id='word_1_181' title='bbox 318 2237 419 2280; x_wconf 87' lang='lat' dir='ltr'>eget;</span> <span class='ocrx_word' id='word_1_182' title='bbox 433 2242 518 2274; x_wconf 90' lang='lat' dir='ltr'>non,</span> <span class='ocrx_word' id='word_1_183' title='bbox 529 2229 556 2267; x_wconf 80' lang='lat' dir='ltr'>si</span> <span class='ocrx_word' id='word_1_184' title='bbox 566 2229 643 2280; x_wconf 89' lang='lat' dir='ltr'>ipse</span> <span class='ocrx_word' id='word_1_185' title='bbox 655 2242 756 2267; x_wconf 88' lang='lat' dir='ltr'>meus</span> <span class='ocrx_word' id='word_1_186' title='bbox 768 2242 862 2267; x_wconf 89' lang='lat' dir='ltr'>nunc</span> <span class='ocrx_word' id='word_1_187' title='bbox 877 2228 1020 2268; x_wconf 84' lang='lat' dir='ltr'>adforet</span> <span class='ocrx_word' id='word_1_188' title='bbox 1030 2229 1193 2270; x_wconf 88' lang='lat' dir='ltr'>Hector.</span> 
     </span>
    </p>
   </div>
  </div>
 </body>
</html>
