1493 2605
174 275 228 311 40
455 271 803 313 GEORGICON
860 266 893 312 1.
1110 288 1145 313 v;
1165 273 1230 313 482

169 382 387 433 Agricolae,
407 384 461 421 bis
481 398 572 434 quae
593 385 718 429 solem,
738 384 794 422 bis
814 384 950 435 frigora
970 384 1077 422 sensit
1096 401 1108 424 a

171 449 274 486 Illius
294 450 482 488 immensae
504 461 678 500 ruperunt
702 452 830 488 horrea
854 464 994 489 messes.

168 516 229 554 At
254 518 363 565 prius,
386 519 552 568 ignotum
574 517 669 554 ferro
689 531 798 567 quam
813 517 1009 554 scindimus
1027 531 1176 567 aequor,

169 583 310 620 Ventos
329 594 365 620 ct
387 584 520 620 varium
540 583 630 620 coeli
657 584 879 634 praediscere
899 598 1034 621 morem

167 649 265 686 Cura
285 651 344 694 sit,
364 664 404 688 ac
426 651 561 700 patrios
581 650 774 701 cultusque
794 650 1012 700 habitusque
1030 650 1195 688 locorum
1212 666 1224 696 5

169 715 221 752 Et
237 717 323 765 quid
336 730 498 766 quaeque
511 716 604 754 ferat
617 718 732 767 regio,
745 727 782 754 et
796 717 884 768 quid
898 731 1061 767 quaeque
1073 725 1227 755 recuset.

168 781 247 818 Hic
268 792 420 833 segetes,
442 783 513 820 illic
533 784 679 821 veniunt
700 783 839 821 felicius
860 798 947 821 uvae
965 801 976 830 3

167 850 336 886 Arborei
354 849 448 886 fetus
467 849 565 894 alibi,
592 859 702 901 atque
720 850 852 902 injussa
872 851 1052 888 virescunt

169 916 359 953 Gramina.
409 916 540 953 Nonne
561 916 672 960 vides,
692 930 841 954 croceos
856 925 898 953 ut
914 916 1071 954 Tmolus
1085 916 1227 962 odores,

167 981 273 1018 India
293 982 410 1020 mittit
430 983 533 1026 ebur,
561 982 685 1019 molles
706 996 768 1019 sua
787 992 871 1019 tura
894 983 1022 1020 Sabaei
1039 999 1051 1030 ;

165 1049 226 1085 At
247 1048 429 1098 Chalybes
448 1049 533 1085 nudi
553 1047 702 1093 ferrum,
725 1048 913 1098 virosaque
934 1049 1076 1086 Pontus

165 1116 353 1159 Castorea,
374 1115 544 1152 Eliadum
563 1114 699 1164 palmas
729 1114 864 1164 Epiros
883 1117 1086 1165 equarum?

164 1181 352 1218 Continuo
371 1181 435 1217 has
449 1181 560 1231 leges,
583 1190 799 1230 aeternaque
818 1180 977 1225 foedera,
997 1182 1105 1219 certis

165 1247 348 1297 Imposuit
366 1257 494 1284 natura
512 1247 614 1292 locis,
634 1261 708 1297 quo
728 1257 891 1297 tempore
911 1248 1067 1298 primum

164 1314 370 1352 Deucalion
390 1327 545 1352 vacuum
562 1313 699 1363 lapides
722 1314 875 1365 jactavit
894 1314 929 1350 in
949 1315 1087 1361 orbem,

165 1381 277 1418 Unde
293 1381 455 1418 homines
474 1381 561 1426 nati,
581 1380 712 1417 durum
727 1394 853 1431 genus.
885 1380 989 1432 Ergo
1009 1395 1090 1432 age,
1110 1389 1224 1420 terrae

163 1448 306 1500 Pingue
326 1448 441 1485 solum
461 1448 582 1498 primis
601 1447 786 1497 extemplo
806 1461 826 1484 a
845 1449 1026 1485 mensibus
1045 1448 1127 1485 anni

164 1515 295 1552 Fortes
313 1515 490 1552 invertant
509 1514 617 1560 tauri,
645 1513 843 1566 glebasque
857 1515 1011 1565 jacentis

161 1581 419 1620 Pulverulenta
436 1590 572 1632 coquat
601 1581 749 1618 maturis
769 1580 904 1618 solibus
924 1590 1050 1618 aestas.

162 1649 237 1693 At,
258 1649 284 1684 si
304 1662 374 1685 non
396 1648 505 1684 fuerit
525 1647 631 1685 tellus
650 1646 816 1693 fecunda,
832 1648 898 1684 sub
918 1648 1038 1697 ipsum

163 1715 372 1751 Arcturum
391 1715 491 1751 tenui
511 1723 565 1750 sat
585 1713 654 1750 erit
675 1713 892 1763 suspendere
913 1714 1012 1751 sulco
1030 1729 1041 1752 ε

162 1780 258 1824 Illic,
277 1781 438 1817 officiant
457 1779 559 1817 laetis
579 1794 622 1816 ne
642 1779 811 1831 frugibus
830 1780 962 1817 herbae
979 1796 990 1826 ;

164 1846 256 1888 Hic,
285 1847 440 1884 sterilem
460 1847 616 1898 exiguus
638 1861 679 1883 ne
699 1847 840 1884 deserat
859 1846 991 1882 humor
1011 1859 1163 1884 arenam.

205 1912 374 1950 Alternis
392 1913 487 1950 idem
507 1923 629 1950 tonsas
649 1927 787 1951 cessare
807 1912 957 1956 novalis,

164 1980 215 2016 Et
237 1993 382 2030 segnem
402 1980 536 2030 patiere
556 1980 628 2017 situ
648 1980 834 2017 durescere
854 1993 1035 2029 campum.

164 2045 249 2082 Aut
269 2046 317 2082 ibi
339 2046 427 2083 flava
447 2060 553 2092 seres,
573 2056 714 2084 mutato
737 2046 862 2090 sidere,
884 2044 990 2089 farra,

164 2113 272 2149 Unde
292 2113 389 2164 prius
409 2113 544 2150 laetum
572 2113 698 2163 siliqua
719 2121 908 2163 quassante
927 2111 1111 2162 legumen,

165 2179 249 2215 Aut
269 2179 386 2216 tenuis
405 2179 501 2217 fetus
520 2180 643 2228 viciae,
662 2180 847 2231 tristisque
866 2178 980 2229 lupini
