1493 2605
220 312 295 348 163
509 308 827 349 -AENEIDOS
887 306 943 349 11.
1125 325 1157 348 vi
1173 308 1261 353 ⁵751.

216 421 1260 473 Cuniugiumque,domumque,patres,natosque,videbit‚

217 491 372 528 Iliadum
393 491 498 527 turba
518 498 551 525 et
579 488 748 538 Phrygiis
768 488 941 524 comitata
960 489 1157 527 ministris?

219 557 406 596 Occiderit
428 556 523 592 ferro
546 555 708 592 Priamus
727 555 739 591 ?
767 554 881 605 Troja
902 555 1025 592 arserit
1045 555 1118 605 igni
1139 556 1152 593 ?

219 624 446 662 Dardanium
468 621 578 658 toties
598 620 733 658 sudarit
755 621 928 671 sanguine
947 621 1077 659 littus?

216 691 303 728 Non
324 691 386 726 ita.
419 689 602 738 Namque,
631 688 697 725 etsi
719 687 855 724 nullum
885 687 1113 726 memorabile
1134 701 1261 724 nomen

217 759 385 797 Feminea
405 758 438 793 in
461 770 576 807 poena
595 765 663 798 est,
692 769 756 792 nec
779 755 887 792 habet
910 755 1059 792 victoria
1087 755 1231 793 laudem
1250 770 1261 800 ;

217 826 445 864 Exstinxisse
466 823 566 862 nefas
586 834 719 866 tamen,
747 832 783 859 et
805 823 970 860 sumsisse
992 824 1159 860 merentis

217 893 414 931 Laudabor
434 905 566 941 poenas
584 907 594 936 3
624 892 857 940 animumque
877 890 1041 940 explesse
1056 891 1198 942 juvabit

215 960 371 998 Ultr²cis
394 959 568 1001 flammae,
597 967 631 994 et
654 957 790 994 cineres
811 958 955 994 satiasse
977 971 1149 996 meorum.

267 1025 375 1063 Talia
389 1025 585 1076 jactabam,
613 1034 649 1061 et
671 1024 801 1060 furiata
824 1034 942 1061 mente
962 1024 1129 1069 ferebar;

215 1094 342 1142 Quum
363 1091 449 1127 mih'i
466 1105 516 1134 se,
537 1104 605 1126 non
626 1100 709 1127 ante
728 1090 842 1127 oculis
858 1099 931 1127 tam
947 1090 1055 1134 clara,
1077 1091 1266 1130 videndam

217 1159 382 1202 Obtulit,
410 1168 445 1195 et
464 1171 553 1208 pura
575 1171 638 1207 per
658 1167 803 1194 nocti-m
825 1158 858 1194 in
880 1157 961 1195 luce
981 1157 1136 1202 refulsit,

214 1226 331 1264 Aima
351 1238 491 1275 parens,
510 1224 672 1261 confessa
693 1225 810 1268 deam,
839 1224 1028 1275 qualisque
1048 1224 1158 1262 videri

214 1291 409 1332 Coelicolis
424 1300 460 1328 et
482 1300 618 1342 quauta
638 1290 729 1327 solet
747 1306 756 1335 ;
787 1291 990 1341 dextraque
1010 1291 1227 1341 prehensum

214 1359 420 1402 Cozitinuit,
451 1371 626 1407 roseoque
646 1357 732 1394 haec
755 1357 898 1407 insuper
919 1358 1059 1395 addidit
1079 1372 1166 1396 ore:

214 1427 327 1470 Nate,
356 1426 436 1476 quis
458 1425 650 1463 indomitas
669 1434 792 1461 tantus
812 1424 920 1462 dolor
938 1425 1075 1463 excitat
1096 1426 1162 1463 iras
1179 1427 1194 1464 ?

215 1494 317 1544 Quid
338 1493 426 1530 furis
445 1493 457 1530 ?
484 1502 546 1530 aut
567 1506 724 1542 quonam
747 1492 861 1529 nostri
881 1493 949 1529 tibi
970 1506 1057 1529 cura
1086 1493 1261 1531 recessit?

215 1564 301 1601 Non
323 1562 422 1612 prius
442 1559 631 1610 adspicies,
661 1559 721 1596 ubi
744 1558 876 1596 fessum
897 1569 1017 1597 aetate
1037 1569 1224 1610 parentem

216 1629 403 1680 Liqueris‚
423 1626 613 1664 Anchisen
633 1628 645 1664 ἒ
673 1636 818 1676 superet
838 1629 1046 1678 conjunxne
1066 1628 1220 1673 Creiisa,
1270 1634 1272 1636 ’

217 1695 472 1744 Ascaniusque
493 1695 608 1743 puer?
636 1707 728 1744 quos
747 1695 864 1730 omnis
883 1694 1045 1744 undique
1066 1694 1201 1733 Graiae

216 1763 366 1802 Circum
385 1771 504 1799 errant
525 1761 642 1805 acies;
672 1769 724 1805 et,
753 1760 788 1796 ni
810 1774 888 1797 mea
907 1774 995 1798 cura
1016 1761 1173 1807 resistat,

215 1833 297 1869 Jam
318 1830 478 1867 flammae
498 1827 660 1870 tulerint,
689 1826 853 1863 inimicus
872 1835 910 1863 et
930 1827 1089 1865 hauserit
1106 1828 1210 1866 ensis.

216 1898 303 1935 Non
322 1896 389 1933 tibi
409 1893 634 1945 Tyndaridis
653 1893 763 1930 facies
783 1893 893 1930 invisa
914 1893 1118 1938 Lacaenae,

216 1963 442 2013 Culpatusve
468 1960 596 2006 Paris;
625 1949 745 1997 divoin
766 1959 1006 2004 inclementia,
1034 1960 1168 2004 divom,

217 2030 301 2067 Has
319 2027 448 2066 evertit
467 2040 568 2077 opes,
598 2027 797 2077 sternitque
817 2040 836 2063 a
855 2025 1010 2063 culmine
1029 2026 1200 2078 Trojam.

218 2096 387 2145 Adspice
398 2107 569 2144 :namque
584 2107 743 2136 omnem,
759 2107 850 2143 quae
863 2106 957 2131 nunc
972 2093 1136 2130 obducta
1151 2094 1268 2131 tuenti
1295 2122 1298 2126 -
1318 2113 1320 2115 >

220 2161 392 2201 Mortalis
411 2161 564 2198 hebetat
583 2160 682 2197 visus
701 2160 784 2205 tibi,
801 2169 838 2198 et
857 2159 1005 2196 humida
1024 2159 1162 2197 circum

219 2229 378 2281 Caligat,
408 2229 541 2267 nubem
561 2227 710 2278 eripiam
729 2244 740 2267 z
769 2237 810 2264 tu
831 2242 874 2264 ne
895 2240 966 2278 qua
985 2226 1145 2278 parentis
