1493 2605
153 310 189 334 v.
205 299 270 336 49.
466 291 708 333 ECLOGA
762 291 886 329 VIII.
1158 293 1212 330 29

154 405 321 448 Crudelis
338 413 453 443 mater
469 405 598 456 magis,
621 417 664 441 an
687 417 778 454 puer
794 403 981 453 improbus
1001 401 1058 440 ille
1075 403 1089 441 ἓ

156 473 352 524 Improbus
369 472 427 510 ille
446 486 559 523 puer:
590 469 744 508 crudelis
764 480 806 507 tu
824 483 970 520 quoque
997 479 1123 507 mater.

157 540 284 590 Incipe
304 539 504 579 Maenalios
522 552 679 582 mecum,
704 551 782 575 mea
800 537 901 581 tibia,
922 551 1053 575 versus.

157 606 269 646 Nunc
286 615 325 644 et
343 606 421 643 ovis
440 605 536 643 ultro
555 605 676 657 fugiat
694 604 801 655 lupus
819 620 829 650 ;
858 619 962 642 aurea
986 605 1098 642 durae

155 672 260 711 Mala
275 672 393 711 ferant
411 686 566 723 quercus
584 688 595 718 ;
623 672 779 709 narcisso
800 671 926 708 floreat
946 671 1047 709 alnus
1063 687 1077 719 3

158 740 314 792 Pinguia
331 740 531 779 corticibus
551 739 681 777 sudent
699 738 833 776 electra
851 740 1007 790 myricae
1026 755 1036 785 ;

156 808 309 846 Certent
327 815 365 844 et
384 806 508 857 cycnis
530 805 647 843 ululae
664 822 674 851 ;
705 808 750 844 sit
771 806 928 857 Tityrus
950 806 1135 856 Orpheus,

158 874 331 925 Orpheus
350 874 384 911 in
403 873 513 919 silvis,
531 874 624 911 inter
643 872 829 924 delphinas
849 872 983 910 Arion.

157 940 285 990 Incipe
306 939 507 979 Maenalios
524 954 680 984 mecum,
701 953 779 977 mea
797 939 898 983 tibia,
920 953 1053 977 versus.

159 1006 295 1045 Omnia
313 1006 368 1043 vel
387 1006 544 1043 medium
564 1006 652 1043 fiant
673 1020 779 1044 mare.
837 1006 975 1050 Vivite,
992 1006 1123 1045 silvae!

158 1072 338 1123 Praeceps
358 1071 443 1111 aerii
463 1072 608 1122 specula
627 1073 671 1110 de
686 1073 818 1110 montis
836 1073 871 1109 in
894 1073 1006 1110 undas

156 1138 318 1178 Deferar
333 1154 344 1174 ι
370 1147 574 1176 extremum
593 1138 664 1176 hoc
684 1153 813 1176 munus
833 1140 1015 1177 morientis
1035 1140 1182 1178 habeto.

159 1206 297 1245 Desine
314 1204 612 1257 Maenalios,jam
626 1206 760 1250 desine,
776 1206 878 1250 tibia,
895 1221 1023 1245 versus».
1069 1210 1219 1259 [boeue,

214 1272 323 1311 Haec
351 1272 500 1310 Damon
519 1287 529 1311 :
559 1285 636 1316 vos,
668 1286 759 1324 quae
790 1274 1014 1323 responderit
1045 1275 1221 1325 Alphesi-

161 1339 304 1384 Dicite,
324 1338 510 1384 Pieride53
539 1353 611 1376 non
629 1339 748 1376 omnia
766 1354 958 1390 possumus
978 1355 1112 1380 ornneS.

547 1406 804 1458 Alphesiboeus.

163 1471 270 1511 Effer
287 1484 432 1522 aquam,
460 1480 498 1508 et
516 1471 615 1508 molli
633 1473 740 1524 cinge
759 1473 848 1510 haec
868 1473 993 1511 altaria
1012 1474 1116 1520 vitta,

162 1539 422 1589 Verbenasque
440 1538 544 1576 adole
563 1539 722 1590 pinguis,
742 1549 779 1576 et
800 1540 957 1577 mascula
977 1550 1087 1588 tura3

162 1606 340 1658 Conjugis
360 1614 402 1643 ut
421 1605 570 1656 magicis
589 1619 692 1642 sanos
711 1615 868 1644 avertere
883 1608 991 1645 sacris

164 1672 345 1723 Experiar
364 1685 485 1710 sensus
502 1686 512 1709 :
542 1671 630 1708 nihil
648 1672 721 1717 hic,
745 1673 811 1709 nisi
830 1674 987 1711 carmina
1006 1675 1150 1712 desunt.

163 1739 307 1778 Ducite
317 1739 363 1777 ab
373 1739 462 1776 urbe
474 1739 720 1783 domum,mea
728 1740 1221 1793 carmina,duciteDaphnin3

164 1806 333 1844 Carmina
351 1805 408 1843 vel
426 1805 527 1843 coelo
546 1816 699 1857 possunt
719 1806 896 1844 deducere
918 1807 1089 1845 Lunam:

163 1872 393 1912 Carminibus
414 1873 520 1911 Circe
539 1872 656 1910 socios
675 1874 828 1911 mutavit
849 1873 952 1912 Ulixi
971 1889 981 1912 ε

165 1938 338 1991 Frigidus
356 1940 392 1977 in
411 1940 524 1990 pratis
542 1940 722 1978 cantando
740 1941 922 1991 rumpitur
940 1943 1080 1993 anguis.

166 2005 308 2044 Ducite
317 2007 362 2044 ab
374 2007 462 2044 urbe
473 2008 718 2051 domum‚mea
728 2009 896 2052 carmina,
904 2010 1027 2046 ducite
1034 2010 1222 2060 Daphnin.

164 2072 289 2125 Tema
303 2074 370 2112 tibi
384 2074 472 2112 haec
487 2074 656 2125 primum,
670 2075 804 2125 triplici
816 2075 952 2113 diversa
968 2076 1101 2122 colore,

167 2140 277 2185 Licia
293 2141 493 2187 circumdo,
513 2151 640 2192 terque
660 2141 748 2179 haec
768 2142 892 2180 altaria
910 2144 1047 2181 circum

168 2205 343 2260 Effigiem
362 2208 483 2249 duco:
509 2223 659 2248 nurnero
677 2210 766 2249 deus
782 2210 918 2262 impare
938 2211 1086 2262 gaudet.
