<?xml version="1.0" encoding="UTF-8"?>
<!DOCTYPE html PUBLIC "-//W3C//DTD XHTML 1.0 Transitional//EN"
    "http://www.w3.org/TR/xhtml1/DTD/xhtml1-transitional.dtd">
<html xmlns="http://www.w3.org/1999/xhtml" xml:lang="en" lang="en">
 <head>
  <title>
</title>
<meta http-equiv="Content-Type" content="text/html;charset=utf-8" />
  <meta name='ocr-system' content='tesseract 3.04.00' />
  <meta name='ocr-capabilities' content='ocr_page ocr_carea ocr_par ocr_line ocrx_word'/>
</head>
<body>
  <div class='ocr_page' id='page_1' title='image "./operahun01virguoft_0141.png"; bbox 0 0 1493 2605; ppageno 0'>
   <div class='ocr_carea' id='block_1_1' title="bbox 174 278 1222 323">
    <p class='ocr_par' dir='ltr' id='par_1_1' title="bbox 174 278 1222 323">
     <span class='ocr_line' id='line_1_1' title="bbox 174 278 1222 323; baseline 0.002 -3"><span class='ocrx_word' id='word_1_1' title='bbox 174 296 208 320; x_wconf 84' lang='lat' dir='ltr'>v.</span> <span class='ocrx_word' id='word_1_2' title='bbox 224 282 316 323; x_wconf 75' lang='lat'><strong>467.</strong></span> <span class='ocrx_word' id='word_1_3' title='bbox 452 278 799 320; x_wconf 88' lang='lat' dir='ltr'>GEORGICON</span> <span class='ocrx_word' id='word_1_4' title='bbox 855 279 928 320; x_wconf 90' lang='lat' dir='ltr'>1v.</span> <span class='ocrx_word' id='word_1_5' title='bbox 1145 283 1222 322; x_wconf 87' lang='lat'>115</span> 
     </span>
    </p>
   </div>
   <div class='ocr_carea' id='block_1_2' title="bbox 158 391 1261 2172">
    <p class='ocr_par' dir='ltr' id='par_1_2' title="bbox 173 391 994 436">
     <span class='ocr_line' id='line_1_2' title="bbox 173 391 994 436; baseline -0.002 -4"><span class='ocrx_word' id='word_1_6' title='bbox 173 393 367 432; x_wconf 83' lang='lat' dir='ltr'>Taenarias</span> <span class='ocrx_word' id='word_1_7' title='bbox 385 393 493 431; x_wconf 90' lang='lat' dir='ltr'>etiam</span> <span class='ocrx_word' id='word_1_8' title='bbox 512 391 648 436; x_wconf 84' lang='lat' dir='ltr'>fauces,</span> <span class='ocrx_word' id='word_1_9' title='bbox 676 392 749 430; x_wconf 89' lang='lat' dir='ltr'>alta</span> <span class='ocrx_word' id='word_1_10' title='bbox 767 391 859 429; x_wconf 87' lang='lat' dir='ltr'>ostia</span> <span class='ocrx_word' id='word_1_11' title='bbox 880 391 994 436; x_wconf 87' lang='lat' dir='ltr'>Ditis,</span> 
     </span>
    </p>

    <p class='ocr_par' dir='ltr' id='par_1_3' title="bbox 172 458 931 510">
     <span class='ocr_line' id='line_1_3' title="bbox 172 458 931 510; baseline -0.003 -13"><span class='ocrx_word' id='word_1_12' title='bbox 172 459 226 497; x_wconf 87' lang='lat' dir='ltr'>Et</span> <span class='ocrx_word' id='word_1_13' title='bbox 245 459 460 510; x_wconf 76' lang='lat' dir='ltr'>caligantem</span> <span class='ocrx_word' id='word_1_14' title='bbox 482 459 584 509; x_wconf 88' lang='lat' dir='ltr'>nigra</span> <span class='ocrx_word' id='word_1_15' title='bbox 598 458 788 495; x_wconf 87' lang='lat' dir='ltr'>formidine</span> <span class='ocrx_word' id='word_1_16' title='bbox 806 458 931 495; x_wconf 88' lang='lat' dir='ltr'>lucum</span> 
     </span>
    </p>

    <p class='ocr_par' dir='ltr' id='par_1_4' title="bbox 165 524 1261 1240">
     <span class='ocr_line' id='line_1_4' title="bbox 170 524 1216 577; baseline -0.001 -14"><span class='ocrx_word' id='word_1_17' title='bbox 170 526 375 577; x_wconf 78' lang='lat' dir='ltr'>Ingressus,</span> <span class='ocrx_word' id='word_1_18' title='bbox 404 524 598 575; x_wconf 61' lang='lat' dir='ltr'>Manisque</span> <span class='ocrx_word' id='word_1_19' title='bbox 618 525 720 569; x_wconf 90' lang='lat' dir='ltr'>adiit,</span> <span class='ocrx_word' id='word_1_20' title='bbox 749 538 944 575; x_wconf 79' lang='lat' dir='ltr'><strong>regemque</strong></span> <span class='ocrx_word' id='word_1_21' title='bbox 972 524 1216 569; x_wconf 89' lang='lat' dir='ltr'>tremendum,</span> 
     </span>
     <span class='ocr_line' id='line_1_5' title="bbox 170 590 1203 641; baseline -0.002 -12"><span class='ocrx_word' id='word_1_22' title='bbox 170 591 374 641; x_wconf 84' lang='lat' dir='ltr'>Nesciaque</span> <span class='ocrx_word' id='word_1_23' title='bbox 394 591 558 628; x_wconf 87' lang='lat' dir='ltr'>humanis</span> <span class='ocrx_word' id='word_1_24' title='bbox 578 591 746 640; x_wconf 82' lang='lat' dir='ltr'>precibus</span> <span class='ocrx_word' id='word_1_25' title='bbox 766 604 1011 628; x_wconf 83' lang='lat' dir='ltr'>mansuescere</span> <span class='ocrx_word' id='word_1_26' title='bbox 1030 590 1153 628; x_wconf 86' lang='lat' dir='ltr'>corda.</span> <span class='ocrx_word' id='word_1_27' title='bbox 1172 598 1203 620; x_wconf 66' lang='lat'>³·-</span> 
     </span>
     <span class='ocr_line' id='line_1_6' title="bbox 168 657 1093 702; baseline -0.001 -6"><span class='ocrx_word' id='word_1_28' title='bbox 168 659 242 702; x_wconf 83' lang='lat' dir='ltr'>At,</span> <span class='ocrx_word' id='word_1_29' title='bbox 273 667 382 695; x_wconf 89' lang='lat' dir='ltr'>cantu</span> <span class='ocrx_word' id='word_1_30' title='bbox 402 667 620 701; x_wconf 88' lang='lat' dir='ltr'>commotae,</span> <span class='ocrx_word' id='word_1_31' title='bbox 651 657 763 694; x_wconf 82' lang='lat' dir='ltr'>Erebi</span> <span class='ocrx_word' id='word_1_32' title='bbox 785 658 829 694; x_wconf 92' lang='lat' dir='ltr'>de</span> <span class='ocrx_word' id='word_1_33' title='bbox 850 657 994 694; x_wconf 89' lang='lat' dir='ltr'>sedibus</span> <span class='ocrx_word' id='word_1_34' title='bbox 1013 657 1093 695; x_wconf 89' lang='lat' dir='ltr'>imis</span> 
     </span>
     <span class='ocr_line' id='line_1_7' title="bbox 169 723 1216 774; baseline 0 -12"><span class='ocrx_word' id='word_1_35' title='bbox 169 725 333 763; x_wconf 84' lang='lat' dir='ltr'>Umbrae</span> <span class='ocrx_word' id='word_1_36' title='bbox 350 724 451 761; x_wconf 82' lang='lat' dir='ltr'>ibant</span> <span class='ocrx_word' id='word_1_37' title='bbox 470 733 608 766; x_wconf 87' lang='lat' dir='ltr'>tenues,</span> <span class='ocrx_word' id='word_1_38' title='bbox 628 723 888 774; x_wconf 85' lang='lat' dir='ltr'>simulacraque</span> <span class='ocrx_word' id='word_1_39' title='bbox 907 723 988 761; x_wconf 91' lang='lat' dir='ltr'>luce</span> <span class='ocrx_word' id='word_1_40' title='bbox 1007 732 1216 762; x_wconf 82' lang='lat' dir='ltr'>carentum:</span> 
     </span>
     <span class='ocr_line' id='line_1_8' title="bbox 167 789 1111 841; baseline 0 -13"><span class='ocrx_word' id='word_1_41' title='bbox 167 792 291 841; x_wconf 79' lang='lat' dir='ltr'>Quam</span> <span class='ocrx_word' id='word_1_42' title='bbox 311 789 424 828; x_wconf 88' lang='lat' dir='ltr'>multa</span> <span class='ocrx_word' id='word_1_43' title='bbox 441 790 476 827; x_wconf 92' lang='lat' dir='ltr'>in</span> <span class='ocrx_word' id='word_1_44' title='bbox 498 789 592 827; x_wconf 84' lang='lat' dir='ltr'>foliis</span> <span class='ocrx_word' id='word_1_45' title='bbox 611 790 728 827; x_wconf 90' lang='lat' dir='ltr'>avium</span> <span class='ocrx_word' id='word_1_46' title='bbox 748 803 784 827; x_wconf 82' lang='lat' dir='ltr'>se</span> <span class='ocrx_word' id='word_1_47' title='bbox 805 789 915 826; x_wconf 90' lang='lat' dir='ltr'>millia</span> <span class='ocrx_word' id='word_1_48' title='bbox 934 790 1111 835; x_wconf 88' lang='lat' dir='ltr'>condunt,</span> 
     </span>
     <span class='ocr_line' id='line_1_9' title="bbox 166 857 1190 908; baseline -0.001 -13"><span class='ocrx_word' id='word_1_49' title='bbox 166 858 309 908; x_wconf 85' lang='lat' dir='ltr'>Vesper</span> <span class='ocrx_word' id='word_1_50' title='bbox 329 857 390 894; x_wconf 91' lang='lat' dir='ltr'>ubi</span> <span class='ocrx_word' id='word_1_51' title='bbox 410 866 474 894; x_wconf 89' lang='lat' dir='ltr'>aut</span> <span class='ocrx_word' id='word_1_52' title='bbox 493 857 662 895; x_wconf 88' lang='lat' dir='ltr'>hibernus</span> <span class='ocrx_word' id='word_1_53' title='bbox 683 857 759 908; x_wconf 86' lang='lat' dir='ltr'>agit</span> <span class='ocrx_word' id='word_1_54' title='bbox 780 857 824 894; x_wconf 91' lang='lat' dir='ltr'>de</span> <span class='ocrx_word' id='word_1_55' title='bbox 845 857 1029 894; x_wconf 90' lang='lat' dir='ltr'>montibus</span> <span class='ocrx_word' id='word_1_56' title='bbox 1049 857 1190 903; x_wconf 81' lang='lat' dir='ltr'>imber3</span> 
     </span>
     <span class='ocr_line' id='line_1_10' title="bbox 167 922 1099 974; baseline 0 -12"><span class='ocrx_word' id='word_1_57' title='bbox 167 924 322 968; x_wconf 88' lang='lat' dir='ltr'>Matres,</span> <span class='ocrx_word' id='word_1_58' title='bbox 351 934 461 974; x_wconf 89' lang='lat' dir='ltr'>atque</span> <span class='ocrx_word' id='word_1_59' title='bbox 481 923 558 966; x_wconf 88' lang='lat' dir='ltr'>viri,</span> <span class='ocrx_word' id='word_1_60' title='bbox 586 922 830 973; x_wconf 85' lang='lat' dir='ltr'>defunctaque</span> <span class='ocrx_word' id='word_1_61' title='bbox 850 937 1006 974; x_wconf 89' lang='lat' dir='ltr'>corpora</span> <span class='ocrx_word' id='word_1_62' title='bbox 1025 924 1099 962; x_wconf 85' lang='lat' dir='ltr'>vita</span> 
     </span>
     <span class='ocr_line' id='line_1_11' title="bbox 165 989 1261 1042; baseline 0.001 -14"><span class='ocrx_word' id='word_1_63' title='bbox 165 990 443 1042; x_wconf 65' lang='lat' dir='ltr'>Magnanimum</span> <span class='ocrx_word' id='word_1_64' title='bbox 462 991 626 1033; x_wconf 81' lang='lat' dir='ltr'>heroum,</span> <span class='ocrx_word' id='word_1_65' title='bbox 656 989 770 1039; x_wconf 90' lang='lat' dir='ltr'>pueri,</span> <span class='ocrx_word' id='word_1_66' title='bbox 790 990 1037 1040; x_wconf 90' lang='lat' dir='ltr'>innuptaeque</span> <span class='ocrx_word' id='word_1_67' title='bbox 1062 990 1218 1041; x_wconf 89' lang='lat' dir='ltr'>puellae,</span> <span class='ocrx_word' id='word_1_68' title='bbox 1255 1036 1261 1042; x_wconf 42' lang='lat'><strong>·</strong></span> 
     </span>
     <span class='ocr_line' id='line_1_12' title="bbox 167 1057 1104 1108; baseline 0.002 -15"><span class='ocrx_word' id='word_1_69' title='bbox 167 1057 410 1106; x_wconf 85' lang='lat' dir='ltr'>Impositique</span> <span class='ocrx_word' id='word_1_70' title='bbox 428 1057 526 1107; x_wconf 79' lang='lat' dir='ltr'>rogis</span> <span class='ocrx_word' id='word_1_71' title='bbox 540 1059 686 1108; x_wconf 80' lang='lat' dir='ltr'>juvenes</span> <span class='ocrx_word' id='word_1_72' title='bbox 706 1066 789 1094; x_wconf 89' lang='lat' dir='ltr'>ante</span> <span class='ocrx_word' id='word_1_73' title='bbox 808 1070 871 1093; x_wconf 89' lang='lat' dir='ltr'>ora</span> <span class='ocrx_word' id='word_1_74' title='bbox 889 1066 1079 1106; x_wconf 88' lang='lat' dir='ltr'>parentum</span> <span class='ocrx_word' id='word_1_75' title='bbox 1094 1073 1104 1095; x_wconf 91' lang='lat'>:</span> 
     </span>
     <span class='ocr_line' id='line_1_13' title="bbox 167 1122 1110 1174; baseline 0.001 -14"><span class='ocrx_word' id='word_1_76' title='bbox 167 1124 273 1173; x_wconf 84' lang='lat' dir='ltr'>Quos</span> <span class='ocrx_word' id='word_1_77' title='bbox 292 1123 428 1161; x_wconf 89' lang='lat' dir='ltr'>circum</span> <span class='ocrx_word' id='word_1_78' title='bbox 448 1123 552 1160; x_wconf 85' lang='lat' dir='ltr'>limus</span> <span class='ocrx_word' id='word_1_79' title='bbox 572 1124 687 1174; x_wconf 85' lang='lat' dir='ltr'>niger,</span> <span class='ocrx_word' id='word_1_80' title='bbox 716 1133 757 1161; x_wconf 90' lang='lat' dir='ltr'>et</span> <span class='ocrx_word' id='word_1_81' title='bbox 779 1122 950 1160; x_wconf 88' lang='lat' dir='ltr'>deformis</span> <span class='ocrx_word' id='word_1_82' title='bbox 971 1123 1110 1161; x_wconf 88' lang='lat' dir='ltr'>arundo</span> 
     </span>
     <span class='ocr_line' id='line_1_14' title="bbox 166 1189 978 1240; baseline -0.001 -13"><span class='ocrx_word' id='word_1_83' title='bbox 166 1190 317 1239; x_wconf 87' lang='lat' dir='ltr'>Cocyti,</span> <span class='ocrx_word' id='word_1_84' title='bbox 347 1190 521 1240; x_wconf 88' lang='lat' dir='ltr'>tardaque</span> <span class='ocrx_word' id='word_1_85' title='bbox 542 1189 643 1239; x_wconf 88' lang='lat' dir='ltr'>palus</span> <span class='ocrx_word' id='word_1_86' title='bbox 662 1189 862 1226; x_wconf 86' lang='lat' dir='ltr'>inamabilis</span> <span class='ocrx_word' id='word_1_87' title='bbox 883 1189 978 1226; x_wconf 88' lang='lat' dir='ltr'>unda</span> 
     </span>
    </p>

    <p class='ocr_par' dir='ltr' id='par_1_5' title="bbox 163 1255 1038 1307">
     <span class='ocr_line' id='line_1_15' title="bbox 163 1255 1038 1307; baseline 0 -12"><span class='ocrx_word' id='word_1_88' title='bbox 163 1256 340 1307; x_wconf 82' lang='lat' dir='ltr'>Adligat,</span> <span class='ocrx_word' id='word_1_89' title='bbox 369 1265 406 1294; x_wconf 91' lang='lat' dir='ltr'>et</span> <span class='ocrx_word' id='word_1_90' title='bbox 426 1257 546 1294; x_wconf 90' lang='lat' dir='ltr'>novies</span> <span class='ocrx_word' id='word_1_91' title='bbox 568 1257 664 1306; x_wconf 83' lang='lat' dir='ltr'>Styx</span> <span class='ocrx_word' id='word_1_92' title='bbox 684 1255 858 1293; x_wconf 87' lang='lat' dir='ltr'>interfusa</span> <span class='ocrx_word' id='word_1_93' title='bbox 879 1259 1038 1295; x_wconf 80' lang='lat' dir='ltr'>coe&#39;rcet.</span> 
     </span>
    </p>

    <p class='ocr_par' dir='ltr' id='par_1_6' title="bbox 162 1323 1160 1576">
     <span class='ocr_line' id='line_1_16' title="bbox 165 1323 1108 1374; baseline -0.001 -13"><span class='ocrx_word' id='word_1_94' title='bbox 165 1325 265 1374; x_wconf 80' lang='lat' dir='ltr'>Quin</span> <span class='ocrx_word' id='word_1_95' title='bbox 285 1323 383 1373; x_wconf 88' lang='lat' dir='ltr'>ipsae</span> <span class='ocrx_word' id='word_1_96' title='bbox 403 1332 572 1373; x_wconf 82' lang='lat' dir='ltr'>stupuere</span> <span class='ocrx_word' id='word_1_97' title='bbox 591 1323 722 1359; x_wconf 86' lang='lat' dir='ltr'>domus</span> <span class='ocrx_word' id='word_1_98' title='bbox 741 1332 851 1373; x_wconf 85' lang='lat' dir='ltr'>atque</span> <span class='ocrx_word' id='word_1_99' title='bbox 870 1323 996 1360; x_wconf 88' lang='lat' dir='ltr'>intima</span> <span class='ocrx_word' id='word_1_100' title='bbox 1017 1323 1108 1361; x_wconf 86' lang='lat' dir='ltr'>Leti</span> 
     </span>
     <span class='ocr_line' id='line_1_17' title="bbox 163 1389 1136 1442; baseline -0.001 -14"><span class='ocrx_word' id='word_1_101' title='bbox 163 1391 333 1435; x_wconf 79' lang='lat' dir='ltr'>Tartara,</span> <span class='ocrx_word' id='word_1_102' title='bbox 360 1389 614 1440; x_wconf 88' lang='lat' dir='ltr'>caeruleosque</span> <span class='ocrx_word' id='word_1_103' title='bbox 633 1389 809 1439; x_wconf 84' lang='lat' dir='ltr'>implexae</span> <span class='ocrx_word' id='word_1_104' title='bbox 830 1390 988 1428; x_wconf 88' lang='lat' dir='ltr'>crinibus</span> <span class='ocrx_word' id='word_1_105' title='bbox 1007 1390 1136 1442; x_wconf 86' lang='lat' dir='ltr'>anguis</span> 
     </span>
     <span class='ocr_line' id='line_1_18' title="bbox 163 1456 1160 1505; baseline -0.002 -9"><span class='ocrx_word' id='word_1_106' title='bbox 163 1457 400 1500; x_wconf 57' lang='lat' dir='ltr'>Eumenides-3</span> <span class='ocrx_word' id='word_1_107' title='bbox 425 1458 614 1505; x_wconf 84' lang='lat' dir='ltr'>tenuitque</span> <span class='ocrx_word' id='word_1_108' title='bbox 635 1456 772 1493; x_wconf 84' lang='lat' dir='ltr'>inhians</span> <span class='ocrx_word' id='word_1_109' title='bbox 793 1456 864 1494; x_wconf 89' lang='lat' dir='ltr'>tria</span> <span class='ocrx_word' id='word_1_110' title='bbox 884 1458 1063 1495; x_wconf 83' lang='lat' dir='ltr'>Cerberus</span> <span class='ocrx_word' id='word_1_111' title='bbox 1083 1470 1160 1502; x_wconf 88' lang='lat' dir='ltr'>ora,</span> 
     </span>
     <span class='ocr_line' id='line_1_19' title="bbox 162 1523 998 1576; baseline -0.002 -14"><span class='ocrx_word' id='word_1_112' title='bbox 162 1525 295 1576; x_wconf 82' lang='lat' dir='ltr'>Atque</span> <span class='ocrx_word' id='word_1_113' title='bbox 317 1524 451 1561; x_wconf 86' lang='lat' dir='ltr'>Ixionii</span> <span class='ocrx_word' id='word_1_114' title='bbox 472 1533 577 1560; x_wconf 88' lang='lat' dir='ltr'>vento</span> <span class='ocrx_word' id='word_1_115' title='bbox 602 1534 681 1559; x_wconf 82' lang='lat' dir='ltr'>rota</span> <span class='ocrx_word' id='word_1_116' title='bbox 701 1523 866 1560; x_wconf 85' lang='lat' dir='ltr'>constitit</span> <span class='ocrx_word' id='word_1_117' title='bbox 887 1524 998 1560; x_wconf 82' lang='lat' dir='ltr'>orbis.</span> 
     </span>
    </p>

    <p class='ocr_par' dir='ltr' id='par_1_7' title="bbox 163 1588 1214 1773">
     <span class='ocr_line' id='line_1_20' title="bbox 213 1588 1169 1641; baseline -0.002 -13"><span class='ocrx_word' id='word_1_118' title='bbox 213 1592 382 1641; x_wconf 85' lang='lat' dir='ltr'>Jamque,</span> <span class='ocrx_word' id='word_1_119' title='bbox 400 1590 529 1639; x_wconf 90' lang='lat' dir='ltr'>pedem</span> <span class='ocrx_word' id='word_1_120' title='bbox 549 1588 717 1632; x_wconf 78' lang='lat' dir='ltr'>referens,</span> <span class='ocrx_word' id='word_1_121' title='bbox 737 1603 841 1626; x_wconf 80' lang='lat' dir='ltr'>casus</span> <span class='ocrx_word' id='word_1_122' title='bbox 860 1598 1020 1639; x_wconf 86' lang='lat' dir='ltr'>evaserat</span> <span class='ocrx_word' id='word_1_123' title='bbox 1039 1588 1169 1634; x_wconf 87' lang='lat' dir='ltr'>omnis,</span> 
     </span>
     <span class='ocr_line' id='line_1_21' title="bbox 166 1655 1161 1707; baseline 0 -14"><span class='ocrx_word' id='word_1_124' title='bbox 166 1657 398 1707; x_wconf 89' lang='lat' dir='ltr'>Redditaque</span> <span class='ocrx_word' id='word_1_125' title='bbox 419 1655 607 1706; x_wconf 85' lang='lat' dir='ltr'>Eurydice</span> <span class='ocrx_word' id='word_1_126' title='bbox 629 1670 773 1706; x_wconf 83' lang='lat' dir='ltr'>superas</span> <span class='ocrx_word' id='word_1_127' title='bbox 794 1655 956 1692; x_wconf 88' lang='lat' dir='ltr'>veniebat</span> <span class='ocrx_word' id='word_1_128' title='bbox 978 1657 1022 1692; x_wconf 86' lang='lat' dir='ltr'>ad</span> <span class='ocrx_word' id='word_1_129' title='bbox 1043 1669 1161 1699; x_wconf 89' lang='lat' dir='ltr'>auras,</span> 
     </span>
     <span class='ocr_line' id='line_1_22' title="bbox 163 1721 1214 1773; baseline 0 -13"><span class='ocrx_word' id='word_1_130' title='bbox 163 1722 263 1761; x_wconf 88' lang='lat' dir='ltr'>Pone</span> <span class='ocrx_word' id='word_1_131' title='bbox 292 1736 442 1773; x_wconf 87' lang='lat' dir='ltr'>sequens</span> <span class='ocrx_word' id='word_1_132' title='bbox 460 1737 470 1767; x_wconf 89' lang='grc'>;</span> <span class='ocrx_word' id='word_1_133' title='bbox 503 1736 656 1773; x_wconf 88' lang='lat' dir='ltr'>namque</span> <span class='ocrx_word' id='word_1_134' title='bbox 689 1722 781 1759; x_wconf 82' lang='lat' dir='ltr'>hanc</span> <span class='ocrx_word' id='word_1_135' title='bbox 816 1721 964 1759; x_wconf 87' lang='lat' dir='ltr'>dederat</span> <span class='ocrx_word' id='word_1_136' title='bbox 997 1721 1214 1772; x_wconf 85' lang='lat' dir='ltr'>Proserpina</span> 
     </span>
    </p>

    <p class='ocr_par' dir='ltr' id='par_1_8' title="bbox 158 1788 1211 2172">
     <span class='ocr_line' id='line_1_23' title="bbox 320 1788 1134 1840; baseline 0 -15"><span class='ocrx_word' id='word_1_137' title='bbox 320 1788 438 1840; x_wconf 87' lang='lat' dir='ltr'>legem</span> <span class='ocrx_word' id='word_1_138' title='bbox 454 1804 465 1834; x_wconf 72' lang='grc' dir='ltr'>ς</span> <span class='ocrx_word' id='word_1_139' title='bbox 1131 1798 1134 1800; x_wconf 71' lang='grc'><strong>’</strong></span> 
     </span>
     <span class='ocr_line' id='line_1_24' title="bbox 161 1854 1158 1906; baseline -0.001 -14"><span class='ocrx_word' id='word_1_140' title='bbox 161 1857 286 1906; x_wconf 79' lang='lat' dir='ltr'>Quum</span> <span class='ocrx_word' id='word_1_141' title='bbox 308 1856 427 1892; x_wconf 87' lang='lat' dir='ltr'>subita</span> <span class='ocrx_word' id='word_1_142' title='bbox 444 1855 629 1893; x_wconf 86' lang='lat' dir='ltr'>incautum</span> <span class='ocrx_word' id='word_1_143' title='bbox 649 1854 828 1892; x_wconf 87' lang='lat' dir='ltr'>dementia</span> <span class='ocrx_word' id='word_1_144' title='bbox 847 1854 946 1904; x_wconf 87' lang='lat' dir='ltr'>cepit</span> <span class='ocrx_word' id='word_1_145' title='bbox 964 1864 1158 1898; x_wconf 87' lang='lat' dir='ltr'>amantem,</span> 
     </span>
     <span class='ocr_line' id='line_1_25' title="bbox 162 1920 1156 1973; baseline 0.001 -15"><span class='ocrx_word' id='word_1_146' title='bbox 162 1922 390 1973; x_wconf 89' lang='lat' dir='ltr'>Ignoscenda</span> <span class='ocrx_word' id='word_1_147' title='bbox 409 1922 569 1971; x_wconf 91' lang='lat' dir='ltr'>quidem,</span> <span class='ocrx_word' id='word_1_148' title='bbox 593 1923 723 1959; x_wconf 90' lang='lat' dir='ltr'>scirent</span> <span class='ocrx_word' id='word_1_149' title='bbox 743 1923 772 1958; x_wconf 85' lang='lat' dir='ltr'>si</span> <span class='ocrx_word' id='word_1_150' title='bbox 792 1922 980 1973; x_wconf 88' lang='lat' dir='ltr'>ignoscere</span> <span class='ocrx_word' id='word_1_151' title='bbox 1001 1920 1130 1959; x_wconf 88' lang='lat' dir='ltr'>Manes</span> <span class='ocrx_word' id='word_1_152' title='bbox 1144 1935 1156 1959; x_wconf 75' lang='grc' dir='ltr'><strong><em>ε</em></strong></span> 
     </span>
     <span class='ocr_line' id='line_1_26' title="bbox 164 1987 1137 2039; baseline -0.002 -13"><span class='ocrx_word' id='word_1_153' title='bbox 164 1988 328 2032; x_wconf 86' lang='lat' dir='ltr'>Restitit,</span> <span class='ocrx_word' id='word_1_154' title='bbox 349 1989 634 2039; x_wconf 81' lang='lat' dir='ltr'>Eurydicenque</span> <span class='ocrx_word' id='word_1_155' title='bbox 654 2002 753 2026; x_wconf 89' lang='lat' dir='ltr'>suam</span> <span class='ocrx_word' id='word_1_156' title='bbox 768 1990 841 2039; x_wconf 88' lang='lat' dir='ltr'>jam</span> <span class='ocrx_word' id='word_1_157' title='bbox 860 1987 940 2025; x_wconf 90' lang='lat' dir='ltr'>luce</span> <span class='ocrx_word' id='word_1_158' title='bbox 960 1988 1026 2025; x_wconf 82' lang='lat' dir='ltr'>sub</span> <span class='ocrx_word' id='word_1_159' title='bbox 1045 1988 1137 2037; x_wconf 90' lang='lat' dir='ltr'>ipsa,</span> 
     </span>
     <span class='ocr_line' id='line_1_27' title="bbox 158 2054 1211 2105; baseline 0 -12"><span class='ocrx_word' id='word_1_160' title='bbox 158 2056 372 2100; x_wconf 83' lang='lat' dir='ltr'>Immemor,</span> <span class='ocrx_word' id='word_1_161' title='bbox 385 2055 473 2093; x_wconf 87' lang='lat' dir='ltr'>heu!</span> <span class='ocrx_word' id='word_1_162' title='bbox 492 2056 681 2105; x_wconf 86' lang='lat' dir='ltr'>victusque</span> <span class='ocrx_word' id='word_1_163' title='bbox 693 2055 812 2098; x_wconf 90' lang='lat' dir='ltr'>animi,</span> <span class='ocrx_word' id='word_1_164' title='bbox 825 2054 998 2105; x_wconf 83' lang='lat' dir='ltr'>respexit.</span> <span class='ocrx_word' id='word_1_165' title='bbox 1023 2055 1084 2092; x_wconf 84' lang='lat' dir='ltr'>Ibi</span> <span class='ocrx_word' id='word_1_166' title='bbox 1095 2054 1211 2093; x_wconf 81' lang='lat' dir='ltr'>omnis</span> 
     </span>
     <span class='ocr_line' id='line_1_28' title="bbox 162 2121 1033 2172; baseline -0.001 -14"><span class='ocrx_word' id='word_1_167' title='bbox 162 2121 313 2159; x_wconf 87' lang='lat' dir='ltr'>Effusus</span> <span class='ocrx_word' id='word_1_168' title='bbox 330 2121 447 2164; x_wconf 85' lang='lat' dir='ltr'>labor,</span> <span class='ocrx_word' id='word_1_169' title='bbox 467 2133 577 2172; x_wconf 92' lang='lat' dir='ltr'>atque</span> <span class='ocrx_word' id='word_1_170' title='bbox 596 2121 742 2159; x_wconf 83' lang='lat' dir='ltr'>immitis</span> <span class='ocrx_word' id='word_1_171' title='bbox 762 2131 869 2171; x_wconf 90' lang='lat' dir='ltr'>rupta</span> <span class='ocrx_word' id='word_1_172' title='bbox 891 2121 1033 2171; x_wconf 86' lang='lat' dir='ltr'>tyranni</span> 
     </span>
    </p>
   </div>
   <div class='ocr_carea' id='block_1_3' title="bbox 162 2188 1141 2293">
    <p class='ocr_par' dir='ltr' id='par_1_9' title="bbox 162 2188 1141 2293">
     <span class='ocr_line' id='line_1_29' title="bbox 162 2188 1141 2242; baseline -0.001 -16"><span class='ocrx_word' id='word_1_173' title='bbox 162 2188 339 2237; x_wconf 84' lang='lat' dir='ltr'>Foedera,</span> <span class='ocrx_word' id='word_1_174' title='bbox 357 2198 486 2241; x_wconf 87' lang='lat' dir='ltr'>terque</span> <span class='ocrx_word' id='word_1_175' title='bbox 505 2189 630 2242; x_wconf 83' lang='lat' dir='ltr'>fragor</span> <span class='ocrx_word' id='word_1_176' title='bbox 649 2189 785 2240; x_wconf 86' lang='lat' dir='ltr'>stagnis</span> <span class='ocrx_word' id='word_1_177' title='bbox 805 2189 950 2227; x_wconf 84' lang='lat' dir='ltr'>auditus</span> <span class='ocrx_word' id='word_1_178' title='bbox 968 2188 1141 2227; x_wconf 86' lang='lat' dir='ltr'>Avernis.</span> 
     </span>
     <span class='ocr_line' id='line_1_30' title="bbox 648 2255 734 2293; baseline -0.012 0"><span class='ocrx_word' id='word_1_179' title='bbox 648 2255 679 2293; x_wconf 88' lang='lat' dir='ltr'>P</span> <span class='ocrx_word' id='word_1_180' title='bbox 710 2257 734 2292; x_wconf 78' lang='lat'>2</span> 
     </span>
    </p>
   </div>
  </div>
 </body>
</html>
