1493 2605
283 353 360 389 mo
542 322 552 330 ”
571 349 871 388 AENmDos
929 348 1010 388 111.
1185 364 1221 388 v.
1235 352 1324 389 383.

279 461 412 512 Longa
433 460 559 510 procul
575 460 695 512 longis
714 461 769 498 via
788 460 916 498 dividit
936 461 1027 498 invia
1046 460 1163 498 terris.

277 528 382 564 Ante
401 537 437 564 ct
458 527 648 564 Trinacria
667 526 856 564 lentandus
875 540 992 564 remus
1011 527 1045 564 in
1065 527 1173 572 unda,

277 593 328 630 Et
349 593 428 629 salis
451 593 608 630 Ausonii
627 592 852 630 lustrandum
873 593 1021 631 navibus
1040 607 1187 643 aequor,

278 659 486 709 Infernique
506 659 618 703 lacus,
640 659 858 709 Aeaeaeque
877 659 990 696 insula
1010 660 1151 702 Circae.

274 729 395 775 Quam
416 736 496 764 tuta
518 726 631 776 possis
651 727 774 763 urbem
793 739 1011 776 componere
1029 735 1134 764 term.

275 792 388 843 Signa
406 793 474 830 tibi
493 792 610 830 dicam
627 808 636 830 :
667 801 707 830 tu
727 792 875 830 condita
895 801 1015 830 mente
1035 801 1173 831 teneto.

272 861 399 908 Quum
419 859 486 896 tibi
506 858 676 903 sollicito,
704 859 833 897 secreti
854 860 898 896 ad
921 858 1075 897 fluminis
1095 858 1241 903 undam,

272 925 451 963 Littoreis
470 926 596 976 ingens
615 926 760 964 inventa
788 927 855 964 sub
875 925 1015 963 ilicibus
1035 939 1108 972 sus,

270 992 443 1043 Triginta
462 992 624 1042 capitum
644 992 740 1030 fetus
758 993 877 1037 enixa,
891 992 1042 1044 jacebit,

271 1057 387 1102 Alba,
407 1057 483 1095 solo
503 1059 690 1103 recubans,
709 1058 780 1096 albi
799 1059 936 1096 circum
957 1060 1067 1096 ubera
1087 1058 1186 1104 nati;

272 1127 308 1162 Is
327 1125 429 1162 locus
449 1125 547 1162 urbis
565 1126 647 1171 erit,
676 1127 817 1176 requies
836 1140 878 1163 ea
897 1135 997 1164 certa
1015 1125 1193 1163 laborum.

269 1192 350 1229 Nee
370 1203 411 1229 tu
431 1206 628 1229 mensarum
648 1206 787 1230 morsus
807 1193 974 1230 horresce
994 1191 1165 1230 futuros:

269 1259 360 1295 Fata
379 1258 469 1295 viam
488 1259 682 1304 invenient,
710 1259 897 1309 aderitque
916 1267 1067 1296 vocatus
1083 1258 1239 1308 Apollo.

267 1326 349 1362 Has
369 1334 489 1363 autem
508 1334 633 1370 terras,
654 1325 811 1375 Italique
831 1325 923 1362 hanc
942 1324 1077 1362 littoris
1095 1338 1209 1368 oram,

266 1391 436 1429 Proxima
455 1405 545 1442 quae
564 1392 678 1429 nostri
698 1391 931 1442 perfunditur
949 1391 1114 1442 aequoris
1133 1399 1249 1433 aestu,

266 1458 428 1510 Effuge:
459 1467 591 1496 cuncta
610 1458 708 1496 malis
727 1458 940 1496 habitantur
958 1458 1098 1495 moenia
1124 1458 1258 1496 Graiis.

266 1525 344 1561 Hic
363 1533 400 1561 et
420 1524 571 1575 Narycii
591 1534 789 1575 posuerunt
806 1525 946 1562 moenia
969 1525 1098 1569 Locri,

264 1591 318 1628 Et
339 1590 553 1628 Sallentinos
572 1591 715 1628 obsedit
734 1590 846 1628 milite
865 1604 1014 1640 campos

261 1657 422 1706 Lyctius
443 1657 683 1694 Idomeneus:
715 1656 775 1694 hic
794 1657 855 1694 illa
873 1657 976 1695 ducis
999 1657 1174 1695 Meliboei

263 1723 377 1760 Parva
397 1723 627 1761 Philoctetae
645 1724 796 1761 subnixa
826 1724 965 1762 Petelia
983 1738 1100 1762 muro.

261 1789 376 1838 Quin,
396 1789 456 1827 ubi
470 1790 694 1827 transmissae
708 1790 874 1828 steterint
888 1799 985 1827 trans
1001 1803 1156 1840 aequora
1171 1788 1311 1835 classes,

261 1856 314 1893 Et
335 1856 460 1906 positis
479 1857 546 1893 aris
560 1859 635 1908 jam
654 1865 739 1893 vota
757 1856 792 1893 in
820 1857 946 1895 littore
967 1856 1097 1901 solves,

263 1922 449 1972 Purpureo
468 1922 582 1960 velare
602 1937 725 1960 comas
745 1924 940 1973 adopertus
961 1923 1095 1960 amictu
1113 1938 1125 1970 ς

261 1989 317 2024 Ne
339 2003 408 2040 qua
428 1990 521 2027 inter
540 1999 683 2027 sanctos
703 1990 796 2041 ignis
816 1990 851 2026 in
872 1990 1008 2027 honore
1027 1991 1178 2027 deorum

259 2052 418 2091 Hostilia
439 2055 546 2092 facies
566 2065 748 2100 occurrat,
777 2065 815 2093 et
844 2057 964 2092 omina
983 2057 1121 2093 turbet.

259 2119 374 2157 Hunc
396 2122 482 2159 socii
501 2136 637 2159 rnorem
657 2136 854 2166 sacrorum,
882 2122 979 2159 hunc
1008 2122 1084 2172 ipse
1103 2130 1226 2160 teneto
1244 2138 1253 2162 ;
1276 2144 1279 2148 -

259 2186 344 2224 Hac
365 2189 455 2225 casti
474 2197 642 2226 maneant
661 2188 696 2225 in
718 2188 891 2240 religione
911 2197 1074 2238 nepotes.

257 2252 293 2289 A
302 2262 347 2298 st,
378 2254 439 2291 ubi
460 2255 659 2306 digressum
682 2254 826 2293 Siculae
846 2264 883 2293 te
904 2255 1105 2294 admoverit
1125 2268 1207 2295 orae
