<?xml version="1.0" encoding="UTF-8"?>
<!DOCTYPE html PUBLIC "-//W3C//DTD XHTML 1.0 Transitional//EN"
    "http://www.w3.org/TR/xhtml1/DTD/xhtml1-transitional.dtd">
<html xmlns="http://www.w3.org/1999/xhtml" xml:lang="en" lang="en">
 <head>
  <title>
</title>
<meta http-equiv="Content-Type" content="text/html;charset=utf-8" />
  <meta name='ocr-system' content='tesseract 3.04.00' />
  <meta name='ocr-capabilities' content='ocr_page ocr_carea ocr_par ocr_line ocrx_word'/>
</head>
<body>
  <div class='ocr_page' id='page_1' title='image "./operahun01virguoft_0076.png"; bbox 0 0 1493 2605; ppageno 0'>
   <div class='ocr_carea' id='block_1_1' title="bbox 221 327 1275 370">
    <p class='ocr_par' dir='ltr' id='par_1_1' title="bbox 221 327 1275 370">
     <span class='ocr_line' id='line_1_1' title="bbox 221 327 1275 370; baseline 0.002 -2"><span class='ocrx_word' id='word_1_1' title='bbox 221 331 274 368; x_wconf 86' lang='lat'>50</span> <span class='ocrx_word' id='word_1_2' title='bbox 422 359 432 365; x_wconf 87' lang='lat'><strong><em>.</em></strong></span> <span class='ocrx_word' id='word_1_3' title='bbox 516 327 867 368; x_wconf 85' lang='lat' dir='ltr'><strong>GEORGICON</strong></span> <span class='ocrx_word' id='word_1_4' title='bbox 925 329 958 368; x_wconf 85' lang='lat'>1.</span> <span class='ocrx_word' id='word_1_5' title='bbox 1133 333 1275 370; x_wconf 75' lang='lat' dir='ltr'>v.328.</span> 
     </span>
    </p>
   </div>
   <div class='ocr_carea' id='block_1_2' title="bbox 190 439 1262 2098">
    <p class='ocr_par' dir='ltr' id='par_1_2' title="bbox 190 439 1262 2098">
     <span class='ocr_line' id='line_1_2' title="bbox 216 439 1185 492; baseline 0 -12"><span class='ocrx_word' id='word_1_6' title='bbox 216 444 301 492; x_wconf 86' lang='lat' dir='ltr'>Ipse</span> <span class='ocrx_word' id='word_1_7' title='bbox 318 441 439 485; x_wconf 90' lang='lat' dir='ltr'>Pater,</span> <span class='ocrx_word' id='word_1_8' title='bbox 469 440 584 478; x_wconf 86' lang='lat' dir='ltr'>media</span> <span class='ocrx_word' id='word_1_9' title='bbox 604 440 806 477; x_wconf 83' lang='lat' dir='ltr'>nimborum</span> <span class='ocrx_word' id='word_1_10' title='bbox 827 439 861 476; x_wconf 88' lang='lat' dir='ltr'>in</span> <span class='ocrx_word' id='word_1_11' title='bbox 884 449 1005 485; x_wconf 88' lang='lat' dir='ltr'>nocte,</span> <span class='ocrx_word' id='word_1_12' title='bbox 1033 455 1185 480; x_wconf 83' lang='lat' dir='ltr'>corusca</span> 
     </span>
     <span class='ocr_line' id='line_1_3' title="bbox 217 507 1124 557; baseline -0.001 -11"><span class='ocrx_word' id='word_1_13' title='bbox 217 507 382 547; x_wconf 82' lang='lat' dir='ltr'>Fulmina</span> <span class='ocrx_word' id='word_1_14' title='bbox 403 507 550 545; x_wconf 88' lang='lat' dir='ltr'>molitur</span> <span class='ocrx_word' id='word_1_15' title='bbox 563 507 692 545; x_wconf 84' lang='lat' dir='ltr'>dextra</span> <span class='ocrx_word' id='word_1_16' title='bbox 710 522 719 544; x_wconf 70' lang='grc' dir='ltr'><em>ε</em></span> <span class='ocrx_word' id='word_1_17' title='bbox 751 521 826 557; x_wconf 88' lang='lat' dir='ltr'>quo</span> <span class='ocrx_word' id='word_1_18' title='bbox 846 507 1000 544; x_wconf 86' lang='lat' dir='ltr'>maxima</span> <span class='ocrx_word' id='word_1_19' title='bbox 1021 518 1124 546; x_wconf 90' lang='lat' dir='ltr'>motu</span> 
     </span>
     <span class='ocr_line' id='line_1_4' title="bbox 212 572 1183 625; baseline 0.001 -12"><span class='ocrx_word' id='word_1_20' title='bbox 212 577 329 614; x_wconf 88' lang='lat' dir='ltr'>Terra</span> <span class='ocrx_word' id='word_1_21' title='bbox 350 575 471 613; x_wconf 88' lang='lat' dir='ltr'>tremit</span> <span class='ocrx_word' id='word_1_22' title='bbox 491 590 501 619; x_wconf 86' lang='lat'><strong>;</strong></span> <span class='ocrx_word' id='word_1_23' title='bbox 530 572 656 625; x_wconf 84' lang='lat' dir='ltr'>fugere</span> <span class='ocrx_word' id='word_1_24' title='bbox 677 573 771 611; x_wconf 83' lang='lat' dir='ltr'>ferae</span> <span class='ocrx_word' id='word_1_25' title='bbox 790 589 800 619; x_wconf 75' lang='lat'>3</span> <span class='ocrx_word' id='word_1_26' title='bbox 829 584 865 611; x_wconf 88' lang='lat' dir='ltr'>et</span> <span class='ocrx_word' id='word_1_27' title='bbox 888 574 1051 611; x_wconf 78' lang='lat' dir='ltr'>mortalia</span> <span class='ocrx_word' id='word_1_28' title='bbox 1071 576 1183 614; x_wconf 85' lang='lat' dir='ltr'>corda</span> 
     </span>
     <span class='ocr_line' id='line_1_5' title="bbox 214 640 1166 694; baseline -0.002 -12"><span class='ocrx_word' id='word_1_29' title='bbox 214 643 286 682; x_wconf 90' lang='lat' dir='ltr'>Per</span> <span class='ocrx_word' id='word_1_30' title='bbox 305 652 432 694; x_wconf 75' lang='lat' dir='ltr'>gentes</span> <span class='ocrx_word' id='word_1_31' title='bbox 451 641 593 678; x_wconf 81' lang='lat' dir='ltr'>humilis</span> <span class='ocrx_word' id='word_1_32' title='bbox 613 640 737 678; x_wconf 87' lang='lat' dir='ltr'>stravit</span> <span class='ocrx_word' id='word_1_33' title='bbox 758 654 894 690; x_wconf 86' lang='lat' dir='ltr'>pavor:</span> <span class='ocrx_word' id='word_1_34' title='bbox 924 640 982 678; x_wconf 86' lang='lat' dir='ltr'>ille</span> <span class='ocrx_word' id='word_1_35' title='bbox 999 641 1166 694; x_wconf 85' lang='lat' dir='ltr'>flagranti</span> 
     </span>
     <span class='ocr_line' id='line_1_6' title="bbox 212 707 1254 757; baseline 0.003 -10"><span class='ocrx_word' id='word_1_36' title='bbox 212 711 296 749; x_wconf 89' lang='lat' dir='ltr'>Aut</span> <span class='ocrx_word' id='word_1_37' title='bbox 320 709 442 752; x_wconf 81' lang='lat' dir='ltr'>Atho,</span> <span class='ocrx_word' id='word_1_38' title='bbox 471 718 533 745; x_wconf 87' lang='lat' dir='ltr'>aut</span> <span class='ocrx_word' id='word_1_39' title='bbox 558 707 779 757; x_wconf 84' lang='lat' dir='ltr'><strong>Rhodopen,</strong></span> <span class='ocrx_word' id='word_1_40' title='bbox 796 718 856 745; x_wconf 89' lang='lat' dir='ltr'>aut</span> <span class='ocrx_word' id='word_1_41' title='bbox 878 708 951 746; x_wconf 87' lang='lat' dir='ltr'>alta</span> <span class='ocrx_word' id='word_1_42' title='bbox 968 709 1159 754; x_wconf 82' lang='lat' dir='ltr'>Ceraunia,</span> <span class='ocrx_word' id='word_1_43' title='bbox 1178 711 1254 750; x_wconf 86' lang='lat' dir='ltr'>telo</span> 
     </span>
     <span class='ocr_line' id='line_1_7' title="bbox 209 775 1226 828; baseline 0.001 -14"><span class='ocrx_word' id='word_1_44' title='bbox 209 776 350 828; x_wconf 85' lang='lat' dir='ltr'>Dejicit</span> <span class='ocrx_word' id='word_1_45' title='bbox 370 791 380 820; x_wconf 80' lang='lat'><em>3</em></span> <span class='ocrx_word' id='word_1_46' title='bbox 409 775 630 827; x_wconf 82' lang='lat' dir='ltr'>ingeminant</span> <span class='ocrx_word' id='word_1_47' title='bbox 650 775 762 812; x_wconf 82' lang='lat' dir='ltr'>austri</span> <span class='ocrx_word' id='word_1_48' title='bbox 781 784 819 813; x_wconf 86' lang='lat' dir='ltr'>et</span> <span class='ocrx_word' id='word_1_49' title='bbox 839 775 1065 813; x_wconf 86' lang='lat' dir='ltr'>densissimus</span> <span class='ocrx_word' id='word_1_50' title='bbox 1086 777 1226 824; x_wconf 86' lang='lat' dir='ltr'>imber;</span> 
     </span>
     <span class='ocr_line' id='line_1_8' title="bbox 210 842 1253 896; baseline 0.002 -15"><span class='ocrx_word' id='word_1_51' title='bbox 210 843 319 882; x_wconf 91' lang='lat' dir='ltr'>Nunc</span> <span class='ocrx_word' id='word_1_52' title='bbox 340 856 483 880; x_wconf 89' lang='lat' dir='ltr'>nemora</span> <span class='ocrx_word' id='word_1_53' title='bbox 502 842 638 894; x_wconf 78' lang='lat' dir='ltr'>ingenti</span> <span class='ocrx_word' id='word_1_54' title='bbox 659 850 780 885; x_wconf 86' lang='lat' dir='ltr'>vento,</span> <span class='ocrx_word' id='word_1_55' title='bbox 803 855 897 879; x_wconf 91' lang='lat' dir='ltr'>nunc</span> <span class='ocrx_word' id='word_1_56' title='bbox 918 842 1043 880; x_wconf 85' lang='lat' dir='ltr'>littora</span> <span class='ocrx_word' id='word_1_57' title='bbox 1062 843 1253 896; x_wconf 85' lang='lat' dir='ltr'>plangunt.</span> 
     </span>
     <span class='ocr_line' id='line_1_9' title="bbox 263 908 1157 956; baseline 0 -9"><span class='ocrx_word' id='word_1_58' title='bbox 263 911 350 947; x_wconf 87' lang='lat' dir='ltr'>Hoc</span> <span class='ocrx_word' id='word_1_59' title='bbox 370 915 545 953; x_wconf 68' lang='lat' dir='ltr'>metuens,</span> <span class='ocrx_word' id='word_1_60' title='bbox 574 908 665 946; x_wconf 93' lang='lat' dir='ltr'>coeli</span> <span class='ocrx_word' id='word_1_61' title='bbox 685 922 820 946; x_wconf 84' lang='lat' dir='ltr'>menses</span> <span class='ocrx_word' id='word_1_62' title='bbox 839 917 877 945; x_wconf 91' lang='lat' dir='ltr'>et</span> <span class='ocrx_word' id='word_1_63' title='bbox 897 908 1010 946; x_wconf 82' lang='lat' dir='ltr'>sidera</span> <span class='ocrx_word' id='word_1_64' title='bbox 1031 923 1128 947; x_wconf 89' lang='lat' dir='ltr'>serva</span> <span class='ocrx_word' id='word_1_65' title='bbox 1145 925 1157 956; x_wconf 91' lang='lat'>;</span> 
     </span>
     <span class='ocr_line' id='line_1_10' title="bbox 209 974 1047 1027; baseline 0 -14"><span class='ocrx_word' id='word_1_66' title='bbox 209 975 358 1027; x_wconf 84' lang='lat' dir='ltr'>Frigida</span> <span class='ocrx_word' id='word_1_67' title='bbox 380 975 526 1013; x_wconf 82' lang='lat' dir='ltr'>Saturni</span> <span class='ocrx_word' id='word_1_68' title='bbox 546 989 620 1012; x_wconf 89' lang='lat' dir='ltr'>sese</span> <span class='ocrx_word' id='word_1_69' title='bbox 641 989 715 1025; x_wconf 90' lang='lat' dir='ltr'>quo</span> <span class='ocrx_word' id='word_1_70' title='bbox 737 974 839 1011; x_wconf 87' lang='lat' dir='ltr'>stella</span> <span class='ocrx_word' id='word_1_71' title='bbox 858 985 1020 1025; x_wconf 83' lang='lat' dir='ltr'>receptet</span> <span class='ocrx_word' id='word_1_72' title='bbox 1037 991 1047 1021; x_wconf 90' lang='lat'>;</span> 
     </span>
     <span class='ocr_line' id='line_1_11' title="bbox 208 1041 1052 1093; baseline 0.002 -15"><span class='ocrx_word' id='word_1_73' title='bbox 208 1043 313 1092; x_wconf 81' lang='lat' dir='ltr'>Quos</span> <span class='ocrx_word' id='word_1_74' title='bbox 333 1042 425 1093; x_wconf 88' lang='lat' dir='ltr'>ignis</span> <span class='ocrx_word' id='word_1_75' title='bbox 445 1041 536 1079; x_wconf 88' lang='lat' dir='ltr'>coeli</span> <span class='ocrx_word' id='word_1_76' title='bbox 557 1041 743 1092; x_wconf 87' lang='lat' dir='ltr'>Cyllenius</span> <span class='ocrx_word' id='word_1_77' title='bbox 763 1051 857 1078; x_wconf 83' lang='lat' dir='ltr'>erret</span> <span class='ocrx_word' id='word_1_78' title='bbox 877 1041 912 1078; x_wconf 91' lang='lat' dir='ltr'>in</span> <span class='ocrx_word' id='word_1_79' title='bbox 932 1042 1052 1080; x_wconf 88' lang='lat' dir='ltr'>orbes.</span> 
     </span>
     <span class='ocr_line' id='line_1_12' title="bbox 207 1109 1146 1161; baseline 0.001 -14"><span class='ocrx_word' id='word_1_80' title='bbox 207 1109 250 1147; x_wconf 90' lang='lat' dir='ltr'>In</span> <span class='ocrx_word' id='word_1_81' title='bbox 272 1109 395 1159; x_wconf 86' lang='lat' dir='ltr'>primis</span> <span class='ocrx_word' id='word_1_82' title='bbox 416 1122 580 1146; x_wconf 87' lang='lat' dir='ltr'>venerare</span> <span class='ocrx_word' id='word_1_83' title='bbox 599 1109 700 1153; x_wconf 86' lang='lat' dir='ltr'>deos,</span> <span class='ocrx_word' id='word_1_84' title='bbox 731 1117 841 1159; x_wconf 86' lang='lat' dir='ltr'>atque</span> <span class='ocrx_word' id='word_1_85' title='bbox 861 1121 978 1146; x_wconf 86' lang='lat' dir='ltr'>annua</span> <span class='ocrx_word' id='word_1_86' title='bbox 995 1123 1146 1161; x_wconf 87' lang='lat' dir='ltr'>magnae</span> 
     </span>
     <span class='ocr_line' id='line_1_13' title="bbox 211 1175 1121 1226; baseline 0 -12"><span class='ocrx_word' id='word_1_87' title='bbox 211 1177 321 1214; x_wconf 82' lang='lat' dir='ltr'>Sacra</span> <span class='ocrx_word' id='word_1_88' title='bbox 344 1175 437 1213; x_wconf 84' lang='lat' dir='ltr'>refer</span> <span class='ocrx_word' id='word_1_89' title='bbox 456 1175 592 1220; x_wconf 84' lang='lat' dir='ltr'>Cereri,</span> <span class='ocrx_word' id='word_1_90' title='bbox 621 1175 722 1213; x_wconf 86' lang='lat' dir='ltr'>laetis</span> <span class='ocrx_word' id='word_1_91' title='bbox 741 1185 914 1226; x_wconf 87' lang='lat' dir='ltr'>operatus</span> <span class='ocrx_word' id='word_1_92' title='bbox 932 1176 966 1213; x_wconf 92' lang='lat' dir='ltr'>in</span> <span class='ocrx_word' id='word_1_93' title='bbox 987 1175 1121 1222; x_wconf 84' lang='lat' dir='ltr'>herbis,</span> 
     </span>
     <span class='ocr_line' id='line_1_14' title="bbox 206 1242 1158 1294; baseline 0.002 -14"><span class='ocrx_word' id='word_1_94' title='bbox 206 1243 404 1280; x_wconf 84' lang='lat' dir='ltr'>Extremae</span> <span class='ocrx_word' id='word_1_95' title='bbox 425 1243 492 1280; x_wconf 89' lang='lat' dir='ltr'>sub</span> <span class='ocrx_word' id='word_1_96' title='bbox 514 1256 635 1280; x_wconf 82' lang='lat' dir='ltr'>casum</span> <span class='ocrx_word' id='word_1_97' title='bbox 655 1242 794 1287; x_wconf 90' lang='lat' dir='ltr'>hiemis,</span> <span class='ocrx_word' id='word_1_98' title='bbox 818 1245 891 1294; x_wconf 86' lang='lat' dir='ltr'>jam</span> <span class='ocrx_word' id='word_1_99' title='bbox 911 1257 991 1280; x_wconf 89' lang='lat' dir='ltr'>vere</span> <span class='ocrx_word' id='word_1_100' title='bbox 1020 1257 1158 1283; x_wconf 87' lang='lat' dir='ltr'>sereno.</span> 
     </span>
     <span class='ocr_line' id='line_1_15' title="bbox 202 1308 1138 1361; baseline -0.001 -14"><span class='ocrx_word' id='word_1_101' title='bbox 202 1308 313 1347; x_wconf 91' lang='lat' dir='ltr'>Tunc</span> <span class='ocrx_word' id='word_1_102' title='bbox 335 1309 488 1360; x_wconf 83' lang='lat' dir='ltr'>pingues</span> <span class='ocrx_word' id='word_1_103' title='bbox 508 1309 605 1361; x_wconf 83' lang='lat' dir='ltr'>agni,</span> <span class='ocrx_word' id='word_1_104' title='bbox 634 1318 671 1347; x_wconf 89' lang='lat' dir='ltr'>et</span> <span class='ocrx_word' id='word_1_105' title='bbox 691 1318 779 1347; x_wconf 91' lang='lat' dir='ltr'>tunc</span> <span class='ocrx_word' id='word_1_106' title='bbox 800 1309 1008 1347; x_wconf 87' lang='lat' dir='ltr'>mollissima</span> <span class='ocrx_word' id='word_1_107' title='bbox 1029 1310 1109 1347; x_wconf 89' lang='lat' dir='ltr'>vina</span> <span class='ocrx_word' id='word_1_108' title='bbox 1127 1326 1138 1356; x_wconf 90' lang='lat'><strong>;</strong></span> 
     </span>
     <span class='ocr_line' id='line_1_16' title="bbox 201 1375 1262 1427; baseline 0.003 -13"><span class='ocrx_word' id='word_1_109' title='bbox 201 1376 312 1414; x_wconf 90' lang='lat' dir='ltr'>Tunc</span> <span class='ocrx_word' id='word_1_110' title='bbox 333 1376 446 1413; x_wconf 89' lang='lat' dir='ltr'>somni</span> <span class='ocrx_word' id='word_1_111' title='bbox 467 1375 590 1414; x_wconf 85' lang='lat' dir='ltr'>duIces</span> <span class='ocrx_word' id='word_1_112' title='bbox 610 1377 812 1427; x_wconf 83' lang='lat' dir='ltr'>densaeque</span> <span class='ocrx_word' id='word_1_113' title='bbox 832 1377 866 1414; x_wconf 87' lang='lat' dir='ltr'>in</span> <span class='ocrx_word' id='word_1_114' title='bbox 893 1377 1079 1414; x_wconf 87' lang='lat' dir='ltr'>montibus</span> <span class='ocrx_word' id='word_1_115' title='bbox 1098 1378 1262 1418; x_wconf 84' lang='lat' dir='ltr'>umbrae.</span> 
     </span>
     <span class='ocr_line' id='line_1_17' title="bbox 201 1443 1100 1496; baseline 0.001 -14"><span class='ocrx_word' id='word_1_116' title='bbox 201 1444 346 1483; x_wconf 82' lang='lat' dir='ltr'>Cuncta</span> <span class='ocrx_word' id='word_1_117' title='bbox 361 1443 428 1480; x_wconf 90' lang='lat' dir='ltr'>tibi</span> <span class='ocrx_word' id='word_1_118' title='bbox 449 1443 618 1481; x_wconf 89' lang='lat' dir='ltr'>Cererem</span> <span class='ocrx_word' id='word_1_119' title='bbox 638 1445 753 1495; x_wconf 75' lang='lat' dir='ltr'>pubes</span> <span class='ocrx_word' id='word_1_120' title='bbox 773 1444 926 1496; x_wconf 85' lang='lat' dir='ltr'>agrestis</span> <span class='ocrx_word' id='word_1_121' title='bbox 946 1444 1072 1482; x_wconf 85' lang='lat' dir='ltr'>adoret</span> <span class='ocrx_word' id='word_1_122' title='bbox 1090 1459 1100 1483; x_wconf 90' lang='lat'><strong>:</strong></span> 
     </span>
     <span class='ocr_line' id='line_1_18' title="bbox 199 1509 1021 1555; baseline -0.001 -6"><span class='ocrx_word' id='word_1_123' title='bbox 199 1510 271 1549; x_wconf 89' lang='lat' dir='ltr'>Cui</span> <span class='ocrx_word' id='word_1_124' title='bbox 290 1519 331 1547; x_wconf 88' lang='lat' dir='ltr'>tu</span> <span class='ocrx_word' id='word_1_125' title='bbox 351 1509 446 1547; x_wconf 87' lang='lat' dir='ltr'>lacte</span> <span class='ocrx_word' id='word_1_126' title='bbox 465 1510 565 1547; x_wconf 78' lang='lat' dir='ltr'>favos</span> <span class='ocrx_word' id='word_1_127' title='bbox 584 1520 621 1548; x_wconf 87' lang='lat' dir='ltr'>et</span> <span class='ocrx_word' id='word_1_128' title='bbox 642 1510 720 1547; x_wconf 89' lang='lat' dir='ltr'>miti</span> <span class='ocrx_word' id='word_1_129' title='bbox 740 1510 835 1547; x_wconf 84' lang='lat' dir='ltr'>dilue</span> <span class='ocrx_word' id='word_1_130' title='bbox 858 1511 1021 1555; x_wconf 86' lang='lat' dir='ltr'>Baccho,</span> 
     </span>
     <span class='ocr_line' id='line_1_19' title="bbox 197 1576 1135 1629; baseline -0.001 -13"><span class='ocrx_word' id='word_1_131' title='bbox 197 1577 348 1628; x_wconf 90' lang='lat' dir='ltr'>Terque</span> <span class='ocrx_word' id='word_1_132' title='bbox 370 1591 476 1615; x_wconf 83' lang='lat' dir='ltr'>novas</span> <span class='ocrx_word' id='word_1_133' title='bbox 495 1577 632 1615; x_wconf 88' lang='lat' dir='ltr'>circum</span> <span class='ocrx_word' id='word_1_134' title='bbox 653 1576 740 1615; x_wconf 86' lang='lat' dir='ltr'>felix</span> <span class='ocrx_word' id='word_1_135' title='bbox 762 1587 821 1614; x_wconf 88' lang='lat' dir='ltr'>eat</span> <span class='ocrx_word' id='word_1_136' title='bbox 841 1577 960 1614; x_wconf 84' lang='lat' dir='ltr'>hostia</span> <span class='ocrx_word' id='word_1_137' title='bbox 981 1577 1104 1629; x_wconf 86' lang='lat' dir='ltr'>fruges</span> <span class='ocrx_word' id='word_1_138' title='bbox 1123 1594 1135 1624; x_wconf 90' lang='lat'><strong>;</strong></span> 
     </span>
     <span class='ocr_line' id='line_1_20' title="bbox 198 1644 1195 1696; baseline 0.001 -13"><span class='ocrx_word' id='word_1_139' title='bbox 198 1646 328 1685; x_wconf 89' lang='lat' dir='ltr'>Omnis</span> <span class='ocrx_word' id='word_1_140' title='bbox 348 1659 456 1696; x_wconf 90' lang='lat' dir='ltr'>quam</span> <span class='ocrx_word' id='word_1_141' title='bbox 476 1645 608 1682; x_wconf 86' lang='lat' dir='ltr'>chorus</span> <span class='ocrx_word' id='word_1_142' title='bbox 627 1653 664 1682; x_wconf 90' lang='lat' dir='ltr'>et</span> <span class='ocrx_word' id='word_1_143' title='bbox 686 1644 774 1682; x_wconf 88' lang='lat' dir='ltr'>socii</span> <span class='ocrx_word' id='word_1_144' title='bbox 794 1644 1016 1682; x_wconf 84' lang='lat' dir='ltr'>comitentur</span> <span class='ocrx_word' id='word_1_145' title='bbox 1034 1655 1195 1692; x_wconf 87' lang='lat' dir='ltr'>ovantes,</span> 
     </span>
     <span class='ocr_line' id='line_1_21' title="bbox 199 1711 1226 1763; baseline 0.002 -13"><span class='ocrx_word' id='word_1_146' title='bbox 199 1712 253 1750; x_wconf 87' lang='lat' dir='ltr'>Et</span> <span class='ocrx_word' id='word_1_147' title='bbox 275 1713 445 1750; x_wconf 86' lang='lat' dir='ltr'>Cererem</span> <span class='ocrx_word' id='word_1_148' title='bbox 465 1711 622 1749; x_wconf 83' lang='lat' dir='ltr'>clamore</span> <span class='ocrx_word' id='word_1_149' title='bbox 642 1722 772 1750; x_wconf 84' lang='lat' dir='ltr'>vocent</span> <span class='ocrx_word' id='word_1_150' title='bbox 791 1712 825 1748; x_wconf 90' lang='lat' dir='ltr'>in</span> <span class='ocrx_word' id='word_1_151' title='bbox 845 1721 944 1749; x_wconf 86' lang='lat' dir='ltr'>tecta</span> <span class='ocrx_word' id='word_1_152' title='bbox 962 1727 971 1750; x_wconf 90' lang='lat'>:</span> <span class='ocrx_word' id='word_1_153' title='bbox 1002 1726 1118 1763; x_wconf 85' lang='lat' dir='ltr'>neque</span> <span class='ocrx_word' id='word_1_154' title='bbox 1136 1722 1226 1752; x_wconf 43' lang='lat' dir='ltr'>ante*</span> 
     </span>
     <span class='ocr_line' id='line_1_22' title="bbox 194 1778 1074 1830; baseline -0.001 -13"><span class='ocrx_word' id='word_1_155' title='bbox 194 1778 342 1817; x_wconf 88' lang='lat' dir='ltr'>Falcem</span> <span class='ocrx_word' id='word_1_156' title='bbox 363 1779 512 1816; x_wconf 85' lang='lat' dir='ltr'>maturis</span> <span class='ocrx_word' id='word_1_157' title='bbox 531 1779 721 1830; x_wconf 83' lang='lat' dir='ltr'>quisquam</span> <span class='ocrx_word' id='word_1_158' title='bbox 742 1788 924 1830; x_wconf 88' lang='lat' dir='ltr'>supponat</span> <span class='ocrx_word' id='word_1_159' title='bbox 943 1779 1074 1824; x_wconf 83' lang='lat' dir='ltr'>aristis,</span> 
     </span>
     <span class='ocr_line' id='line_1_23' title="bbox 193 1846 1174 1897; baseline 0.003 -15"><span class='ocrx_word' id='word_1_160' title='bbox 193 1846 314 1897; x_wconf 80' lang='lat' dir='ltr'>Quam</span> <span class='ocrx_word' id='word_1_161' title='bbox 335 1846 473 1890; x_wconf 87' lang='lat' dir='ltr'>Cereri,</span> <span class='ocrx_word' id='word_1_162' title='bbox 504 1854 602 1883; x_wconf 83' lang='lat' dir='ltr'>torta</span> <span class='ocrx_word' id='word_1_163' title='bbox 623 1846 809 1884; x_wconf 89' lang='lat' dir='ltr'>redimitus</span> <span class='ocrx_word' id='word_1_164' title='bbox 828 1856 996 1897; x_wconf 86' lang='lat' dir='ltr'>tempora</span> <span class='ocrx_word' id='word_1_165' title='bbox 1015 1861 1174 1897; x_wconf 76' lang='lat' dir='ltr'>quercu,v</span> 
     </span>
     <span class='ocr_line' id='line_1_24' title="bbox 193 1913 1094 1964; baseline -0.002 -11"><span class='ocrx_word' id='word_1_166' title='bbox 193 1915 273 1953; x_wconf 88' lang='lat' dir='ltr'>Det</span> <span class='ocrx_word' id='word_1_167' title='bbox 295 1924 416 1952; x_wconf 84' lang='lat' dir='ltr'>motus</span> <span class='ocrx_word' id='word_1_168' title='bbox 437 1913 712 1964; x_wconf 77' lang='lat' dir='ltr'>incompositos,</span> <span class='ocrx_word' id='word_1_169' title='bbox 739 1923 776 1951; x_wconf 90' lang='lat' dir='ltr'>et</span> <span class='ocrx_word' id='word_1_170' title='bbox 798 1914 955 1951; x_wconf 82' lang='lat' dir='ltr'>carmina</span> <span class='ocrx_word' id='word_1_171' title='bbox 982 1915 1094 1952; x_wconf 82' lang='lat' dir='ltr'>dicat.</span> 
     </span>
     <span class='ocr_line' id='line_1_25' title="bbox 244 1980 1202 2033; baseline 0 -14"><span class='ocrx_word' id='word_1_172' title='bbox 244 1982 390 2032; x_wconf 81' lang='lat' dir='ltr'>Atque,</span> <span class='ocrx_word' id='word_1_173' title='bbox 419 1981 507 2018; x_wconf 85' lang='lat' dir='ltr'>haec</span> <span class='ocrx_word' id='word_1_174' title='bbox 527 1991 569 2018; x_wconf 91' lang='lat' dir='ltr'>ut</span> <span class='ocrx_word' id='word_1_175' title='bbox 589 1981 696 2018; x_wconf 86' lang='lat' dir='ltr'>certis</span> <span class='ocrx_word' id='word_1_176' title='bbox 714 1980 892 2031; x_wconf 87' lang='lat' dir='ltr'>possimus</span> <span class='ocrx_word' id='word_1_177' title='bbox 912 1980 1048 2018; x_wconf 87' lang='lat' dir='ltr'>discere</span> <span class='ocrx_word' id='word_1_178' title='bbox 1076 1981 1202 2033; x_wconf 88' lang='lat' dir='ltr'>signis,</span> 
     </span>
     <span class='ocr_line' id='line_1_26' title="bbox 190 2046 1242 2098; baseline 0.001 -14"><span class='ocrx_word' id='word_1_179' title='bbox 190 2046 420 2097; x_wconf 79' lang='lat' dir='ltr'>Aestusque,</span> <span class='ocrx_word' id='word_1_180' title='bbox 450 2046 677 2097; x_wconf 89' lang='lat' dir='ltr'>pluviasque,</span> <span class='ocrx_word' id='word_1_181' title='bbox 706 2055 742 2084; x_wconf 87' lang='lat' dir='ltr'>et</span> <span class='ocrx_word' id='word_1_182' title='bbox 763 2046 904 2098; x_wconf 83' lang='lat' dir='ltr'>agentis</span> <span class='ocrx_word' id='word_1_183' title='bbox 925 2046 1064 2098; x_wconf 83' lang='lat' dir='ltr'>frigora</span> <span class='ocrx_word' id='word_1_184' title='bbox 1084 2057 1242 2095; x_wconf 62' lang='lat' dir='ltr'>ventosg</span> 
     </span>
    </p>
   </div>
   <div class='ocr_carea' id='block_1_3' title="bbox 192 2113 1316 2164">
    <p class='ocr_par' dir='ltr' id='par_1_3' title="bbox 192 2113 1316 2164">
     <span class='ocr_line' id='line_1_27' title="bbox 192 2113 1316 2164; baseline 0 -14"><span class='ocrx_word' id='word_1_185' title='bbox 192 2113 278 2162; x_wconf 82' lang='lat' dir='ltr'>Ipse</span> <span class='ocrx_word' id='word_1_186' title='bbox 304 2115 409 2151; x_wconf 87' lang='lat' dir='ltr'>Pater</span> <span class='ocrx_word' id='word_1_187' title='bbox 429 2114 572 2158; x_wconf 86' lang='lat' dir='ltr'>statuit,</span> <span class='ocrx_word' id='word_1_188' title='bbox 603 2113 691 2164; x_wconf 88' lang='lat' dir='ltr'>quid</span> <span class='ocrx_word' id='word_1_189' title='bbox 712 2123 894 2151; x_wconf 84' lang='lat' dir='ltr'>menstrua</span> <span class='ocrx_word' id='word_1_190' title='bbox 916 2114 1022 2151; x_wconf 86' lang='lat' dir='ltr'>Luna</span> <span class='ocrx_word' id='word_1_191' title='bbox 1043 2124 1239 2154; x_wconf 71' lang='lat' dir='ltr'>moneret:</span> <span class='ocrx_word' id='word_1_192' title='bbox 1272 2145 1276 2150; x_wconf 88' lang='lat'><strong>.</strong></span> <span class='ocrx_word' id='word_1_193' title='bbox 1312 2115 1316 2119; x_wconf 77' lang='grc'>’</span> 
     </span>
    </p>
   </div>
   <div class='ocr_carea' id='block_1_4' title="bbox 189 2179 1201 2300">
    <p class='ocr_par' dir='ltr' id='par_1_4' title="bbox 189 2179 1201 2300">
     <span class='ocr_line' id='line_1_28' title="bbox 189 2179 1201 2231; baseline 0.005 -16"><span class='ocrx_word' id='word_1_194' title='bbox 189 2179 276 2229; x_wconf 78' lang='lat' dir='ltr'>Quo</span> <span class='ocrx_word' id='word_1_195' title='bbox 302 2180 406 2231; x_wconf 85' lang='lat' dir='ltr'>signo</span> <span class='ocrx_word' id='word_1_196' title='bbox 427 2181 596 2218; x_wconf 82' lang='lat' dir='ltr'>caderent</span> <span class='ocrx_word' id='word_1_197' title='bbox 616 2180 727 2217; x_wconf 86' lang='lat' dir='ltr'>austri</span> <span class='ocrx_word' id='word_1_198' title='bbox 745 2196 754 2226; x_wconf 82' lang='lat'>3</span> <span class='ocrx_word' id='word_1_199' title='bbox 785 2180 874 2230; x_wconf 86' lang='lat' dir='ltr'>quid</span> <span class='ocrx_word' id='word_1_200' title='bbox 895 2194 999 2231; x_wconf 90' lang='lat' dir='ltr'>saepe</span> <span class='ocrx_word' id='word_1_201' title='bbox 1024 2181 1201 2228; x_wconf 45' lang='lat' dir='ltr'>vidente&amp;</span> 
     </span>
     <span class='ocr_line' id='line_1_29' title="bbox 192 2246 1125 2300; baseline 0.004 -17"><span class='ocrx_word' id='word_1_202' title='bbox 192 2246 400 2299; x_wconf 72' lang='lat' dir='ltr'>Agricolae</span> <span class='ocrx_word' id='word_1_203' title='bbox 421 2249 571 2300; x_wconf 76' lang='lat' dir='ltr'>propius</span> <span class='ocrx_word' id='word_1_204' title='bbox 592 2247 744 2286; x_wconf 73' lang='lat' dir='ltr'>stabulis</span> <span class='ocrx_word' id='word_1_205' title='bbox 763 2257 924 2286; x_wconf 84' lang='lat' dir='ltr'>armenta</span> <span class='ocrx_word' id='word_1_206' title='bbox 942 2256 1125 2287; x_wconf 84' lang='lat' dir='ltr'>tenerent.-</span> 
     </span>
    </p>
   </div>
  </div>
 </body>
</html>
