1493 2605
253 284 328 321 148
482 325 492 331 ,
557 280 858 319 AENmDos
915 279 972 318 11.
1186 294 1219 318 v.
1241 283 1301 323 ιε).

254 392 453 430 Includunt
473 405 582 429 cacco
602 391 718 435 lateri,
748 391 964 441 penitusque
985 403 1154 427 cavernas

255 460 420 510 Ingentis
441 470 655 507 uterumque
675 464 812 494 armato
833 457 945 494 milite
973 456 1170 507 complent.

310 526 380 563 Eat
401 526 434 561 in
456 533 655 574 conspectu
676 524 862 567 Tenedos,
883 523 1067 559 notissima
1089 523 1182 559 sama

255 591 391 634 Insula,
411 591 508 628 dives
527 604 653 640 opum,
684 590 815 627 Priami
837 590 924 626 dum
958 602 1068 640 regna
1087 589 1277 626 manebant
1294 604 1306 634 ι

256 658 365 695 Nunc
386 666 528 694 tantum
548 657 657 699 sinus,
685 665 722 693 et
744 655 851 692 statio
872 655 963 692 male
984 655 1055 692 fida
1073 656 1226 694 carinis:

257 723 351 760 Huc
372 738 407 760 se
427 723 589 773 provecti
610 723 754 759 deserto
774 722 808 758 in
825 722 950 759 littore
970 723 1147 760 condunt.

257 790 338 827 Nos
358 790 484 826 abiisse
506 789 585 833 rati,
614 797 651 826 et
674 798 780 826 vento
802 788 946 839 petiisse
967 788 1159 838 Mycenae.

258 857 365 908 Ergo
385 857 499 894 omnis
518 856 630 907 longo
651 855 753 892 solvit
777 870 812 892 se
831 855 991 892 Teucria
1014 855 1117 892 luctu
1136 870 1144 891 :

257 923 474 960 Panduntur
492 933 642 973 portae:
670 925 772 973 juvat
793 921 856 966 ire,
885 931 921 958 et
951 922 1092 959 Dorica
1111 930 1228 959 castra

256 990 506 1040 Desertosque
526 990 645 1026 videre
665 989 777 1032 locos,
806 988 984 1038 littusque
1004 987 1193 1025 relictum

256 1057 336 1094 Hic
353 1056 547 1106 Dolopum
559 1068 697 1099 manus,
718 1054 777 1092 hic
797 1068 921 1092 saevus
933 1055 1107 1092 tendebat
1121 1054 1307 1094 Achilles:

255 1123 443 1161 Classibus
462 1123 521 1165 hic
540 1122 641 1160 locus
658 1137 668 1160 :
699 1121 758 1158 hic
779 1122 854 1158 acie
874 1130 1012 1159 certare
1032 1121 1209 1159 solebant.

258 1190 347 1227 Pars
366 1198 491 1240 stupet
510 1189 683 1239 innuptae
710 1189 845 1226 donum
865 1187 1010 1226 exitiale
1029 1187 1230 1233 Minervae,

257 1255 311 1293 Et
332 1255 462 1292 molem
481 1255 656 1294 mirantur
682 1255 764 1306 equi
784 1271 794 1300 ;
824 1256 1035 1305 primusque
1055 1254 1285 1305 Thymoetes

258 1322 360 1360 Duci
379 1322 473 1359 intra
493 1336 614 1359 muros
632 1322 814 1367 hortatur,
842 1330 879 1361 et
899 1336 979 1359 arce
998 1321 1123 1365 locari,

260 1389 343 1426 Sive
362 1388 462 1433 dolo,
491 1402 553 1425 seu
569 1391 642 1440 jam
663 1389 800 1440 Trojae
820 1389 869 1426 sic
890 1387 963 1425 fata
982 1387 1146 1425 ferebant
1165 1403 1174 1425 ε

258 1455 320 1492 At
340 1455 478 1504 Capys,
506 1463 542 1491 et
563 1468 716 1503 quorum
738 1454 864 1491 melior
883 1454 1060 1492 sententia
1080 1454 1204 1498 menti,

257 1521 346 1559 Aut
365 1521 497 1572 pelago
518 1521 689 1558 Danasim
708 1521 863 1566 insidias,
885 1532 1124 1570 suspectaque
1150 1521 1258 1565 dona,

258 1589 502 1638 Praecipitare
516 1589 660 1639 jubent,
690 1588 935 1640 subjectisque
958 1602 1058 1625 urere
1080 1587 1258 1632 flammi33

260 1655 346 1692 Aut
365 1655 546 1692 terebrare
566 1669 670 1692 cavas
691 1656 784 1692 uteri
799 1664 836 1693 et
856 1664 994 1692 tentare
1014 1654 1181 1691 latebras.

262 1722 448 1760 Scinditur
465 1722 645 1772 incer-tum
665 1722 787 1760 studia
802 1721 836 1759 in
857 1721 1036 1759 contraria
1058 1721 1206 1772 volguSs

314 1789 457 1826 Primus
475 1788 526 1825 ibi
541 1797 623 1825 ante
642 1788 770 1833 omnis,
782 1802 923 1840 ,magna
936 1788 1136 1825 comitante
1155 1795 1313 1836 caterva,

261 1856 441 1894 Laocoon
462 1856 588 1892 ardens
606 1869 745 1898 summa
773 1856 932 1893 decurrit
951 1856 995 1892 ab
1015 1869 1096 1892 arce
1114 1871 1125 1899 ;

261 1923 316 1960 Et
335 1922 488 1972 procul:
521 1922 557 1961 O
578 1922 696 1959 miseri
715 1923 722 1958 !
757 1935 848 1972 quae
869 1931 971 1959 tanta
989 1920 1137 1966 insania,
1164 1920 1287 1959 cives?

262 1988 419 2025 Creditis
438 1997 581 2025 avectos
601 1988 743 2026 hostis?
771 1995 833 2025 aut
853 1987 923 2025 ulla
943 1978 1081 2038 pluatis

262 2056 374 2093 Dona
391 2068 511 2092 carere
539 2054 631 2092 dolis
651 2055 819 2093 Danafim
838 2056 849 2092 ?
878 2054 927 2091 sic
947 2063 1054 2092 notus
1075 2052 1234 2092 Ulixes?

262 2121 362 2165 Aut,
391 2121 461 2158 hoc
482 2120 609 2158 inclusi
628 2120 745 2172 ligno,
774 2120 1009 2158 occultantur
1028 2120 1181 2164 Achivi,

263 2187 346 2225 Aut
365 2187 453 2226 haec
473 2187 509 2225 in
530 2196 673 2226 nostros
693 2186 870 2226 fabricata
888 2197 944 2226 est
965 2187 1130 2233 machina
1152 2200 1288 2237 murosg
