1493 2605
147 348 179 372 v.
198 334 290 373 522.
458 330 762 390 AENEinos
821 331 903 368 111.
1130 333 1205 370 195

144 446 272 496 Quum
293 443 422 495 procul
440 443 615 480 obscuros
634 442 746 480 colles
761 441 1007 492 humilemque
1026 441 1189 480 videmus

146 512 302 550 Italiam.
334 510 479 549 Italiam
499 510 636 560 primus
656 509 860 548 conclamat
881 509 1074 548 Achates:

145 578 289 616 Italiam
308 578 404 616 laeto
425 578 512 615 socii
531 577 688 615 clamore
710 576 880 614 salutant.

144 645 245 682 Turn
266 655 368 695 pater
388 645 574 682 Anchises
594 658 766 695 magnum
786 652 924 681 cratera
943 655 1079 680 corona

144 712 284 758 Induit,
314 711 552 762 implevitque
572 725 670 748 mero
689 726 700 756 ;
730 711 906 761 divosque
926 710 1070 747 vocavit

144 779 253 817 Stans
272 778 367 816 celsa
384 778 419 815 in
441 778 557 828 puppi
576 793 585 816 ε

143 845 212 890 Di,
232 846 339 882 maris
357 855 395 882 et
414 855 530 882 terrae
550 853 886 894 tempestatumque
912 853 1097 894 potentes,

144 912 254 950 Ferte
275 913 366 949 viam
387 922 495 949 vento
516 911 671 955 facilem,
700 920 737 948 et
759 912 893 961 spirate
915 911 1076 948 secundi.

196 979 443 1017 Crebrescunt
463 987 612 1029 optatae
632 992 752 1023 aurae,
784 987 984 1028 portusque
1007 976 1162 1029 patescit

142 1046 222 1084 Jam
239 1046 401 1096 propior,
416 1045 666 1095 templumque
681 1054 833 1095 apparet
848 1046 883 1081 in
900 1058 982 1082 arce
997 1044 1198 1082 Minervae.

142 1112 235 1149 Vela
254 1112 381 1163 legunt
401 1112 501 1155 socii,
521 1122 558 1149 et
579 1126 703 1162 proras
719 1112 764 1148 ad
784 1112 909 1149 littora
931 1118 1120 1162 torquent.

144 1179 278 1216 Portus
296 1180 341 1217 ab
365 1180 493 1216 Euroo
514 1179 631 1216 fluctu
651 1189 824 1216 curvatus
843 1180 878 1215 in
899 1193 1024 1216 arcum
1041 1194 1052 1224 ;

143 1245 321 1297 Objectae
342 1246 432 1283 salsa
452 1254 623 1296 spumant
643 1246 857 1297 adspargine
876 1255 1028 1290 cautes;

146 1312 235 1362 Ipse
255 1311 344 1350 latet
363 1327 372 1350 ε
404 1313 550 1364 gemino
571 1312 768 1349 demittunt
788 1312 935 1349 brachia
955 1325 1058 1348 muro

147 1378 294 1415 Turriti
315 1379 470 1429 scopuli,
499 1378 711 1430 refugitque
731 1379 776 1416 ab
797 1379 921 1416 littore
940 1377 1132 1429 templum.

143 1446 315 1495 Quatuor
332 1445 406 1488 hic,
427 1445 585 1495 primum
605 1459 724 1489 omen,
753 1459 867 1495 equos
887 1445 922 1481 in
939 1440 1100 1496 gramine
1117 1443 1202 1490 vidi,

142 1510 348 1548 Tondentis
368 1525 536 1562 campum
556 1511 642 1556 late,
663 1511 820 1549 candore
840 1510 959 1549 nivali.

144 1578 197 1615 Et
210 1588 316 1628 pater
332 1579 534 1616 Anchises:
555 1579 713 1622 Bellum,
726 1594 749 1616 o
761 1588 857 1616 terra
871 1578 1035 1629 hospita!
1056 1587 1200 1628 portas:

144 1645 176 1683 B
186 1644 256 1682 ello
270 1654 455 1682 armantur
466 1646 568 1695 equi:
582 1644 719 1682 bellum
733 1645 822 1682 haec
835 1655 997 1682 armenta
1009 1645 1202 1681 minantur.

145 1713 218 1750 Sed
238 1721 358 1749 tamen
381 1712 474 1749 idem
491 1711 576 1748 olim
596 1725 707 1748 curru
736 1712 929 1748 succedere
949 1711 1043 1748 sueti

146 1778 434 1830 Quadrupedes,
465 1787 503 1816 et
522 1777 622 1815 frena
635 1779 729 1829 jugo
749 1778 944 1815 concordia
961 1776 1054 1815 ferre
1071 1792 1081 1814 ε

144 1847 237 1895 Spes
259 1856 296 1883 et
320 1846 435 1896 pacis,
458 1845 522 1882 ait.
562 1844 664 1882 Tum
684 1844 828 1881 numina
849 1855 972 1882 sancta
991 1856 1181 1896 precamur

142 1913 300 1951 Palladis
319 1913 533 1957 armisonae,
553 1925 644 1962 quae
664 1912 781 1961 prima
795 1898 938 1961 accepit
956 1911 1121 1956 ovantis;

144 1979 198 2016 Et
218 1979 340 2029 capita
360 1988 443 2016 ante
463 1992 540 2016 aras
572 1978 739 2030 Phrygio
760 1977 917 2015 velamur
931 1988 1094 2024 amlctu;

143 2045 426 2097 Praeceptisque
448 2045 599 2089 Heleni,
619 2045 768 2083 dederat
788 2059 880 2096 quae
899 2045 1067 2090 maxima,
1088 2045 1156 2082 rite

141 2113 275 2150 ,Iunoni
294 2112 462 2164 Argivae
476 2115 598 2164 jussos
618 2112 804 2150 adolemus
824 2113 992 2150 honores.

196 2179 312 2216 Haud
332 2193 457 2217 mora:
488 2179 678 2224 continuo,
699 2179 873 2230 perfectis
892 2180 1018 2218 ordine
1038 2180 1145 2226 votis,

142 2245 292 2283 Cornua
310 2245 509 2284 velatarum
526 2246 750 2284 obvertimus
770 2256 1022 2292 antennarum,

604 2313 748 2352 Bb2
