1529 2693
1219 302 1274 341 ¹0⁶}
1266 283 1274 286 .

211 298 243 339 ἡ.
263 303 324 339 30.
545 296 788 339 ECLOGA
841 278 942 338 vii.

211 412 265 452 Et
282 424 420 450 ramosa
439 409 569 450 Micon
588 409 720 447 vivacis
739 423 873 448 cornua
893 410 1002 449 cervi.

210 479 249 516 Si
267 478 453 530 proprium
470 477 542 515 hoc
560 476 684 523 fue-rit,
703 476 771 514 levi
789 477 834 514 de
853 488 1030 516 marmore
1047 485 1130 516 tota

207 545 368 583 Puniceo
387 544 501 582 stabis
517 555 614 581 suras
642 543 784 581 evincta
803 543 997 583 cothurno.

650 611 814 663 Thyrsis.

207 677 332 715 Sinum
350 676 455 714 lactis
471 685 508 715 et
527 676 615 714 haec
635 685 674 714 te
691 676 778 723 liba,
803 676 948 727 Priape,
967 685 1060 729 quot
1078 678 1180 716 annis

206 744 434 795 Exspectare
454 754 508 781 sat
527 753 582 781 est
600 759 610 781 :
641 752 766 780 custos
784 757 822 781 es
840 745 1008 796 pauperis
1027 745 1141 784 horti.

202 801 314 850 Nunc
332 820 370 849 te
388 820 630 848 marmoreum
646 821 714 861 pro
732 818 900 860 tempore
915 810 1070 849 fecimus
1085 826 1096 851 :
1126 820 1164 850 at
1183 820 1242 859 tu,⁴

205 866 243 915 Si
262 876 380 915 fetura
398 888 550 929 gregem
569 875 802 928 suppieverit,
822 890 952 916 aureus
969 887 1064 917 esto.

640 944 816 996 Corydon.

201 1009 337 1048 Nerine
358 1008 526 1054 Galatea,
544 1008 674 1059 thymo
693 1009 782 1046 mihi
800 1009 943 1047 dulcior
962 1009 1130 1061 Hyblae,

200 1075 399 1115 Candidior
416 1076 554 1126 cycnis,
574 1076 708 1113 hedera
726 1074 920 1113 foemosior
937 1075 1018 1113 alba
1035 1091 1048 1121 ;

200 1143 326 1191 Quum
346 1142 502 1192 primum
521 1142 618 1192 pasti
636 1152 803 1193 repetent
822 1142 1008 1193 praesepia
1025 1142 1137 1188 tauri,

199 1208 238 1246 Si
258 1221 328 1259 qua
346 1208 401 1246 tui
421 1209 629 1259 Corydonis
645 1209 759 1247 habet
777 1219 814 1247 te
833 1223 933 1255 cura,
953 1209 1087 1248 venito.

644 1275 804 1328 Thyrsis.

198 1342 317 1380 Immo
335 1355 406 1393 ego
429 1340 576 1380 Sardo'is
594 1341 715 1380 videar
733 1343 802 1380 tibi
821 1342 975 1381 amarior
991 1342 1128 1387 herbis,

197 1409 398 1447 Horridior
415 1422 536 1453 rusco,
556 1411 720 1462 projecta
739 1408 842 1447 vilior
861 1409 944 1462 alga
960 1425 972 1456 3

199 1477 238 1515 Si
258 1477 345 1514 mihi
365 1491 435 1513 non
455 1476 545 1513 haec
564 1475 628 1514 lux
647 1485 730 1514 toto
745 1478 820 1529 jam
837 1474 984 1529 longior
1002 1491 1096 1516 anno
1114 1487 1182 1517 est.

196 1543 255 1580 Ite
274 1544 442 1589 domum,
462 1543 572 1594 pasti,
593 1544 621 1580 si
641 1544 722 1595 quis
742 1545 875 1595 pudor,
897 1545 962 1592 ite,
976 1546 1136 1598 juvenci.

634 1612 810 1664 Corydon.

194 1675 360 1713 Muscosi
378 1675 511 1720 fontes,
530 1686 569 1714 et
588 1690 715 1715 somno
734 1678 879 1715 mollior
896 1679 1023 1723 herba,

194 1743 247 1780 Et
269 1757 360 1793 quae
380 1757 444 1780 vos
462 1757 540 1781 rara
558 1744 679 1781 viridis
697 1744 792 1796 tegit
813 1746 966 1782 arbutus
987 1745 1128 1790 umbra,

195 1808 401 1846 solstitium
418 1810 542 1859 pecori
561 1810 768 1849 defendite:
794 1814 869 1863 jam
888 1812 986 1849 venit
1004 1820 1121 1849 aestas

190 1875 350 1914 Torrida
367 1891 379 1922 3
403 1879 478 1929 jam
504 1876 601 1915 laeto
627 1887 779 1929 turgent
796 1879 832 1916 in
852 1878 1001 1929 palmite
1019 1893 1195 1930 gemmae.

641 1946 800 1999 Thyrsis.

190 2007 269 2046 Hic
289 2007 408 2053 focus,
427 2017 466 2047 et
484 2010 610 2048 taedae
630 2012 786 2064 pingues
806 2028 816 2058 ;
848 2012 907 2050 hic
928 2012 1106 2063 plurimus
1124 2013 1218 2065 ignis

191 2073 356 2125 Semper,
375 2086 412 2113 et
431 2076 571 2114 assidua
589 2086 713 2128 postes
731 2078 883 2131 fuligine
902 2079 996 2131 nigri
1012 2094 1023 2117 :

191 2141 270 2179 Hic
289 2151 434 2181 tantum
455 2144 594 2183 Boreae
613 2160 780 2184 curamus
794 2146 944 2198 frigora,
965 2156 1144 2198 quantum

187 2209 276 2247 Aut
294 2224 482 2249 numerum
500 2212 623 2265 lupuffi
645 2224 709 2252 aut
727 2215 902 2253 torrentia
921 2215 1068 2254 flumina
1085 2216 1191 2268 ripas.

250 2277 314 2314 To
324 2291 367 2316 M.
401 2279 442 2315 Ι.’
760 2281 801 2319 D
