1493 2605
245 273 322 309 ms
560 268 858 307 Anussmos
915 269 948 306 1.
1143 284 1176 308 v.
1194 257 1283 311 4612

240 382 299 419 En
322 380 506 419 Priamus!
543 381 635 418 Sunt
651 381 709 418 hic
725 381 833 417 etiam
853 394 913 417 sua
934 381 1088 430 praemia
1106 379 1228 418 laudi:

241 451 334 486 Sunt
355 448 517 485 lacrimae
540 461 654 484 rerum
674 463 684 492 ς
704 456 739 483 et
757 456 911 483 mentem
932 447 1094 484 mortalia
1112 456 1284 499 tangunt.

241 516 348 553 Solve
369 526 482 552 metus
499 531 508 559 ;
539 513 628 550 feret
649 513 736 549 haec
749 512 903 562 aliquam
924 513 989 550 tibi
1005 513 1097 550 fama
1117 514 1282 552 salutem.

241 582 301 620 Sic
323 584 385 625 ait,
414 592 521 630 atque
543 581 700 616 animum
722 578 866 628 pictura
886 579 998 628 pascit
1018 579 1126 625 inani,

236 648 361 686 Multa
381 661 540 699 gemens.
568 645 742 697 largoque
762 646 948 682 humectat
969 645 1112 682 flumine
1132 645 1283 684 voltum.

289 715 459 764 Namque
480 714 637 756 videbat,
668 713 720 750 uti
740 712 911 749 bellantes
928 713 1103 763 Pergama
1121 712 1259 750 circum

235 781 322 820 Hae
343 781 510 833 fugerent
533 780 650 823 Graii,
670 789 846 829 premeret
867 779 1028 829 Trojana
1041 782 1236 831 Juventus:

236 849 323 886 Hac
346 848 511 897 Phryges
529 864 539 892 ;
569 847 718 884 instaret
737 860 842 883 curru
864 847 1034 883 cristatus
1055 845 1237 883 Achilles.

235 916 315 953 Nec
336 915 464 965 procul
485 915 566 951 hinc
602 914 711 951 Rhesi
733 913 843 950 niveis
863 913 1020 950 tentoria
1042 912 1125 949 velis

233 981 422 1033 Agnoscit
441 980 626 1018 lacrimans
645 995 654 1025 ;
684 980 801 1029 primo
822 992 914 1028 quae
941 978 1087 1030 prodita
1107 991 1232 1016 somno

233 1047 401 1098 Tydides
421 1047 535 1084 multa
554 1047 716 1084 vastabat
745 1046 853 1083 caede
873 1054 1043 1083 cruentus
1062 1060 1074 1090 ;

233 1115 485 1164 Ardentisque
506 1114 634 1150 avertit
653 1127 766 1163 equos
785 1113 820 1149 in
841 1122 970 1156 castra,
1000 1112 1098 1162 prius
1122 1125 1232 1162 quam

236 1181 373 1219 Pabula
392 1190 597 1233 gustassent
618 1179 766 1231 Troiae,
789 1179 1053 1229 Xanthumque
1069 1179 1258 1217 bibissent.

239 1250 343 1286 Parte
363 1249 429 1285 alia
449 1247 590 1299 fugiens
610 1247 745 1284 amissis
766 1246 913 1284 Troilus
933 1247 1051 1291 armis,

235 1315 366 1352 Infelix
387 1329 490 1365 puer,
518 1324 628 1364 atque
648 1314 763 1364 impar
781 1326 994 1364 congressus
1018 1312 1176 1357 Achilli,

234 1382 366 1419 Fertur
383 1381 498 1430 equis,
527 1394 708 1430 curruque
728 1381 850 1417 haeret
872 1379 1058 1429 resupinus
1078 1378 1187 1421 inani,

232 1448 334 1486 Lora
353 1458 475 1486 tenens
495 1457 638 1484 tamen:
670 1447 753 1484 huic
774 1446 964 1497 cervixque
989 1459 1186 1495 comaeque
1211 1454 1286 1482 tra-

232 1515 304 1552 Pei·
316 1526 461 1559 terram,
474 1525 510 1552 et
525 1527 623 1551 versa
636 1513 752 1564 pulvis
765 1514 972 1551 inscribitur
983 1513 1096 1550 hasta.
1125 1513 1283 1563 [huntur

232 1583 376 1619 Interea
395 1583 440 1618 ad
459 1581 635 1632 templum
656 1595 725 1618 non
745 1595 880 1631 aequae
901 1580 1056 1618 Palladis
1075 1580 1177 1618 ibant

229 1649 401 1687 Crinibus
422 1649 554 1686 Iliades
573 1649 700 1698 passis,
730 1647 949 1698 peplumque
970 1646 1148 1691 ferebant,

231 1715 458 1766 Suppliciter
475 1715 608 1759 tristes,
637 1724 675 1753 et
705 1724 831 1751 tunsae
852 1724 999 1765 pectora
1021 1713 1146 1766 palmis
1163 1728 1175 1751 ε

230 1782 329 1819 Diva
347 1781 424 1818 solo
444 1782 536 1818 fixos
554 1780 681 1818 oculos
701 1794 821 1817 aversa
841 1781 1002 1818 tenebat.

228 1849 306 1905 Ter
324 1848 460 1885 circum
482 1847 613 1885 Iliacos
633 1856 837 1900 raptaverat
859 1848 1027 1885 Hectora
1047 1860 1183 1891 muros,

226 1914 522 1964 Exanimumque
541 1927 628 1951 auro
646 1928 778 1964 corpus
799 1914 975 1951 vendebat
997 1912 1182 1950 Achilles.

228 1981 331 2017 Tum
349 1994 432 2017 vero
451 1980 633 2031 ingentem
655 1980 831 2031 gemitum
851 1980 915 2016 dat
935 1988 1083 2029 pectore
1103 1979 1147 2015 ab
1168 1978 1255 2023 imo,

229 2049 286 2086 Ut
307 2046 434 2097 spolia,
455 2056 496 2084 ut
516 2061 655 2090 currus,
675 2056 790 2096 utque
819 2047 937 2097 ipsum
955 2059 1088 2096 corpus
1109 2045 1228 2090 amici,

230 2113 536 2163 Tendentemque
565 2126 689 2150 manus
711 2113 894 2150 Priamum
914 2112 1103 2161 conspexit
1124 2111 1293 2150 inermis.-

230 2179 276 2216 Se
298 2193 443 2231 quoque
463 2179 686 2232 principibus
699 2180 919 2231 permixtum
939 2179 1088 2232 agnovit
1108 2179 1292 2226 Achivisy
