1529 2693
239 299 273 324 v.
295 287 358 325 61.
601 281 843 322 ECLOGA
897 281 948 320 V.
1245 285 1296 323 19

238 395 325 436 Ulla
345 394 469 433 dolum
488 393 733 432 meditantur:
755 401 850 430 amat
869 393 987 431 bonus
1007 391 1083 431 otia
1103 383 1285 445 Daphnis.

236 463 313 512 Ipsi
332 461 468 499 laetitia
489 475 592 499 voces
614 461 659 498 ad
679 461 794 498 sidera
809 462 950 511 jactant

236 528 379 565 Intonsi
398 537 536 565 montes
553 543 563 573 ς
592 528 689 578 ipsae
704 530 778 580 jam
797 527 952 564 carmina
970 540 1092 576 rupes,

237 594 324 645 Ipsa
343 604 469 632 sonant
489 596 637 632 arbusta
654 610 663 632 ε
686 596 805 638 Deus,
835 595 922 632 deus
941 593 1012 637 ille,
1034 591 1226 630 Menalca!

236 659 291 698 Sis
312 660 427 697 bonus
446 675 482 705 o,
510 660 682 711 felixque,
702 662 797 699 tuis!
829 675 873 698 en
893 669 1050 711 quatuor
1068 672 1145 696 aras
1167 661 1176 696 l

235 725 337 764 Ecce
356 727 444 764 duas
465 728 544 772 tibi,
566 727 731 778 Daphni,
752 727 839 764 duas
852 727 976 764 altaria
998 726 1149 764 Phoebo
1167 728 1177 762 Ε

234 791 373 830 Pocula
391 793 474 830 bina
492 808 586 832 novo
607 795 807 844 spumantia
826 793 919 831 lacte
939 801 1031 843 quot
1050 792 1163 836 annis,

233 859 473 909 Craterasque
492 860 565 897 duo
585 870 740 897 statuam
760 861 829 898 tibi
850 860 996 910 pinguis
1016 858 1126 902 olivi3

234 925 302 969 Et,
332 925 449 962 multo
469 926 628 976 inprimis
649 927 803 965 hilarans
822 927 985 964 convivia
1006 925 1171 969 Baccho,

232 981 340 1029 Ante
360 991 497 1036 focum,
527 993 554 1028 si
574 992 690 1044 frigus
710 994 792 1036 erit,
820 994 848 1030 si
868 992 1002 1036 messis,
1022 992 1058 1028 in
1078 992 1218 1035 umbra,
1238 992 1241 994 ’

234 1058 331 1095 Vina
350 1072 482 1095 novum
502 1058 650 1095 fundam
671 1059 822 1097 calathis
841 1058 993 1096 Ariusia
1012 1066 1147 1095 nectar.

233 1125 446 1163 Cantabunt
465 1125 552 1161 mihi
575 1128 773 1162 Damoetas
793 1135 829 1162 et
851 1125 1010 1174 Lyctius
1030 1125 1170 1175 Aegon
1186 1138 1199 1169 ;

234 1190 405 1228 Saltantis
424 1199 566 1240 satyros
586 1190 789 1228 imitabitur
809 1190 1096 1240 Alphesiboeus.

232 1257 341 1296 Haec
361 1257 427 1293 tibi
447 1270 585 1307 semper
603 1266 722 1300 erunt,
751 1265 788 1293 et
807 1269 920 1306 quum
942 1255 1113 1293 sollennia
1136 1264 1221 1293 vota

234 1321 444 1361 Reddemus
463 1323 646 1373 nymphis,
674 1332 711 1360 et
731 1336 842 1373 quum
861 1322 1092 1360 lustrabimus
1113 1336 1233 1374 agros.

231 1390 337 1428 Dum
352 1393 444 1442 juga
464 1391 597 1427 montis
616 1404 715 1440 aper,
745 1390 873 1427 fluvios
893 1389 979 1426 dum
995 1390 1102 1439 piscis
1122 1388 1271 1434 amabit,

233 1457 409 1506 Dumque
428 1457 557 1508 thymo
577 1465 770 1507 pascentur
789 1469 885 1506 Ἆρες,
915 1456 1001 1493 dum
1022 1470 1101 1493 rore
1122 1456 1286 1501 eicadae3

233 1524 383 1572 Semper
395 1523 729 1573 hon03‚nomenque
744 1522 1065 1572 tuum,laudesque
1079 1524 1286 1560 manebunt.

233 1589 291 1627 Ut
312 1589 461 1626 Baccho
482 1590 691 1639 Cererique,
722 1589 788 1626 tibi
808 1588 857 1626 sic
879 1600 963 1626 vota
983 1598 1075 1639 quot
1095 1589 1193 1626 annis

230 1655 432 1705 Agricolae
450 1655 582 1693 facient
599 1671 608 1694 ε
639 1657 824 1693 damnabis
843 1665 886 1693 tu
905 1669 1052 1707 quoque
1073 1655 1177 1692 votis.

666 1723 832 1775 Mopsus.

232 1789 337 1837 Quae
355 1788 437 1832 tibi,
466 1802 557 1839 quae
575 1789 638 1826 tali
658 1790 804 1826 reddam
823 1803 890 1839 pro
910 1788 1065 1826 carmine
1085 1788 1180 1825 dona
1197 1789 1211 1826 ἓ

231 1854 329 1892 Nam
348 1869 462 1904 neque
483 1869 539 1892 me
558 1866 699 1893 tantum
721 1856 891 1893 venientis
912 1855 1035 1892 sibilus
1054 1856 1179 1898 austri,

231 1920 311 1958 Nec
332 1935 498 1970 percussa
511 1924 637 1973 juvant
657 1922 773 1959 fluctu
793 1932 867 1959 tam
887 1922 1024 1966 littora,
1053 1936 1118 1959 nec
1138 1935 1229 1972 quae

233 1987 387 2025 saxosas
405 1989 499 2025 inter
517 1989 714 2026 decurrunt
733 1989 881 2027 flumina
898 1988 1017 2026 valles.

659 2057 856 2095 Menalcas.

234 2121 323 2165 Hac
343 2131 380 2160 te
399 2136 463 2159 nos
482 2122 601 2174 fragili
620 2124 833 2161 donabimus
852 2132 935 2161 ante
953 2122 1098 2162 cicuta:

235 2187 342 2230 Haec
361 2203 440 2237 nos,
470 2190 684 2230 Formosum
703 2190 881 2240 Corydon
899 2189 1048 2229 ardebat
1062 2188 1201 2230 Alexin
1219 2205 1232 2236 ς

714 2256 746 2295 C
789 2260 814 2295 2
