1493 2605
177 350 210 376 v.
232 341 316 376 131.
477 335 801 392 AENEIDOS‘
832 335 914 373 ΙΙΙ.
1145 338 1214 374 181

179 449 231 486 Et
251 449 394 486 tandem
415 446 569 496 antiquis
589 446 767 483 Curetum
786 446 984 482 adlabimur
1003 444 1086 484 oris.

232 515 336 564 Ergo
357 513 479 549 avidus
499 526 618 548 muros
637 521 785 561 optatae
809 511 936 548 molior
956 513 1070 556 urbis,

180 580 484 630 Pergameamque
498 592 586 614 voco
603 593 612 622 ;
627 587 675 620 et,
690 577 817 614 laetam
834 578 1061 628 cognomine,
1075 587 1221 629 gentem

177 645 324 681 Hortor
343 658 460 680 amare
481 643 595 686 focos,
613 657 802 692 arcemque
821 643 984 680 attollere
1005 644 1124 681 tectis.

175 711 328 760 Jamque
346 709 420 746 fere
440 710 534 746 sicco
555 710 755 745 subductae
778 708 902 746 littore
930 722 1073 758 puppes
1091 724 1102 754 ;

177 776 376 814 Connubiis
396 775 558 824 arvisque
579 774 677 811 novis
696 785 844 825 operata
858 777 1026 826 juventus
1043 791 1054 820 ;

177 843 264 880 Jum
277 842 475 891 domosque
487 842 633 878 dabam:
649 842 769 877 subito
784 854 896 890 quum
910 841 1031 878 tabida
1044 839 1223 885 membris,

177 908 364 957 Corrupto
383 907 471 944 coeli
492 916 628 950 tractu,
658 906 926 956 miserandaque
945 906 1040 943 venit

177 974 460 1022 Arboribusque
479 974 636 1023 satisque
655 972 745 1015 lues,
765 982 802 1009 et
822 971 942 1009 letifer
961 985 1085 1010 annus,

179 1039 415 1089 Linquebant
435 1039 549 1077 dulcis
570 1040 714 1083 animas,
743 1048 806 1075 aut
827 1051 934 1088 aegra
953 1038 1146 1075 trahebant

180 1105 368 1154 Corpora:
400 1115 477 1141 tum
497 1104 623 1142 sterilis
642 1119 791 1141 exurere
814 1104 928 1141 Sirius
947 1118 1053 1154 agros
1071 1120 1082 1149 ;

179 1173 350 1209 Arebant
370 1172 512 1214 herbae,
538 1181 574 1208 et
596 1171 730 1208 victum
753 1184 854 1220 seges
874 1184 982 1221 aegra
1003 1171 1169 1222 negabat.

184 1238 325 1274 Rursus
337 1238 381 1274 ad
395 1238 555 1274 oraclum
573 1238 766 1287 Ortygiae,
779 1236 1223 1286 Phoebumque,remens0

185 1302 374 1341 Hortatur
394 1315 498 1353 pater
515 1303 565 1340 ire
585 1304 685 1346 mari,
706 1303 913 1352 veniamque
933 1302 1094 1353 precari:

182 1372 304 1420 Quam
325 1370 423 1408 fessis
443 1371 547 1407 finem
568 1370 673 1406 rebus
694 1369 784 1406 ferat
804 1385 814 1413 ς
848 1369 940 1405 unde
959 1369 1123 1405 laborum

181 1437 342 1474 Tentare
361 1436 532 1473 auxilium
548 1437 688 1488 jubeat,
710 1450 783 1486 quo
807 1445 940 1472 vertere
961 1441 1098 1473 cursu‘s-

235 1505 323 1542 Nox
343 1513 432 1547 erat,
451 1512 488 1540 et
507 1504 608 1540 terris
629 1502 792 1539 animalia
813 1515 958 1538 somnus
978 1502 1159 1539 habebat:

184 1571 338 1622 Effigies
358 1583 477 1607 sacrae
496 1570 628 1613 divom,
651 1568 877 1619 Phrygiique
904 1569 1071 1612 Penates,

185 1640 290 1687 Quos
310 1650 450 1674 mecum
469 1650 489 1672 a
509 1636 636 1686 Troja‚
669 1635 867 1684 mediisque
886 1649 931 1671 ex
952 1634 1096 1685 ignibus
1117 1635 1229 1680 urbis,

186 1702 412 1745 Extuleram,
440 1701 503 1738 visi
523 1710 605 1738 ante
625 1700 751 1737 oculos
771 1701 910 1736 adstare
925 1700 1080 1749 jacentis

187 1768 377 1811 Insomnis,
406 1767 521 1804 multo
541 1766 721 1803 manifesti
741 1765 887 1809 lumine,
917 1779 989 1816 qua
1008 1779 1045 1802 se

186 1836 298 1874 Plena
317 1849 382 1886 per
400 1836 548 1872 insertas
568 1834 744 1871 fundebat
763 1832 847 1869 luna
875 1832 1059 1870 fenestras.

186 1904 286 1940 Tum
307 1902 356 1938 sie
377 1901 491 1944 affari,
510 1910 547 1938 et
566 1914 669 1937 curas
690 1900 747 1936 his
767 1900 909 1936 demere
929 1899 1034 1936 dictis
1051 1914 1060 1936 t

188 1968 303 2018 Quod
323 1968 402 2013 tibi,
423 1966 542 2004 delato
565 1966 776 2018 Ortygiam,
805 1966 971 2002 dicturus
1000 1964 1143 2014 Apollo
1162 1974 1231 2012 est,

188 2034 266 2072 Hic
287 2034 381 2070 canit
398 2049 407 2078 ;
436 2043 473 2070 et
492 2042 556 2069 tua
574 2046 637 2069 nos
657 2046 699 2069 en
719 2034 727 2069 !
760 2031 856 2068 ultro
877 2032 921 2068 ad
940 2031 1060 2067 limina
1078 2032 1206 2070 mittit.

189 2100 270 2138 Nos
288 2110 339 2143 te,
359 2100 546 2137 Dardania
565 2100 719 2142 incensa,
740 2108 875 2148 tuaque
896 2111 1004 2141 arma,
1026 2098 1164 2135 secuti:

190 2166 270 2204 Nos
290 2167 468 2203 tumidum
488 2167 553 2203 sub
573 2175 610 2203 te
629 2165 806 2216 permensi
827 2164 996 2201 classibus
1016 2178 1175 2215 aequor:

192 2232 297 2270 Idem
315 2242 484 2271 venturos
504 2232 672 2271 tollemus
692 2232 726 2269 in
743 2241 838 2271 astra
857 2240 1022 2282 nepotes,
