1493 2605
193 247 244 285 ‘36
478 245 829 287 GEORGICON
886 247 968 287 111.
1105 259 1139 286 v.
1154 249 1244 288 245.

191 358 382 409 Tempore
401 372 470 395 non
492 358 576 403 alio,
594 359 798 398 catulorum
818 359 946 404 oblita,
966 359 1088 398 leaena

195 425 344 463 Saevior
362 426 489 463 erravit
513 427 649 476 campis
669 441 679 470 ς
710 441 774 464 nec
797 426 921 464 funera
942 427 1050 479 volgo

193 495 288 532 Tam
310 493 424 530 multa
444 493 613 530 informes
634 494 703 530 ursi
726 504 959 545 stragemque
979 495 1110 533 dedere

193 559 264 596 Per
284 559 385 596 silvas
404 574 412 596 :
444 570 522 596 tuin
543 573 666 597 sat-vus
682 573 781 610 aper,
800 570 878 598 tum
900 561 1049 613 pessima
1070 561 1188 613 tigris.

193 625 283 662 Heu
302 627 311 662 !
345 624 434 663 male
454 637 532 662 tum
555 626 699 677 Libyae
719 627 804 664 solis
824 639 963 665 erratur
981 628 1014 665 in
1037 628 1145 680 agris.

191 691 323 728 Nonne
343 692 453 737 vides,
474 702 514 730 ut
534 702 615 731 tota
634 704 771 732 tremor
790 704 973 745 pertentet
993 708 1171 745 equorum

189 758 374 808 Corpora,
391 759 418 796 si
439 769 583 797 tantum
605 770 706 798 notas
725 761 818 798 odor
836 760 960 799 attulit
980 774 1082 798 auras
1099 762 1112 799 ?

190 826 255 862 Ac
276 839 391 875 neque
406 839 467 862 eos
479 828 555 878 jam
571 825 670 864 frena
688 828 813 872 virum,
835 842 950 878 neque
967 828 1114 864 verbera
1131 839 1246 872 saeva,

190 893 277 932 Non
293 893 432 943 scopuli
447 908 625 945 rupesque
637 909 756 940 cavae,
773 905 883 945 atque
896 896 1044 947 objecta
1059 894 1245 932 retardant

192 959 372 1004 Flumina,
391 971 581 1010 correptos
602 962 696 999 unda
715 961 923 1012 torquentia
945 961 1090 1000 montis.

191 1027 278 1077 Ipse
294 1026 364 1064 ruit
384 1027 572 1077 dentisque
596 1027 797 1065 Sabellicus
816 1029 961 1066 exacuit
982 1041 1055 1072 sus,

191 1093 244 1132 Et
265 1094 356 1143 pede
377 1094 583 1144 prosubigit
603 1104 750 1140 terram,
778 1095 886 1133 fricat
907 1095 1034 1132 arbore
1054 1102 1190 1138 costas,

189 1161 325 1210 Atque
344 1160 428 1197 hinc
447 1169 558 1210 atque
577 1161 675 1200 illinc
704 1161 875 1199 humeros
894 1162 939 1199 ad
960 1161 1103 1199 vulnera
1123 1161 1243 1198 durat.

190 1228 293 1278 Quid
309 1227 460 1279 juvenis,
482 1241 653 1279 magnum
672 1228 731 1266 cui
753 1238 868 1266 versat
890 1229 923 1266 in
944 1229 1085 1266 ossibus
1105 1228 1227 1279 ignem

189 1295 321 1332 Durus
340 1308 441 1332 amor
457 1294 470 1332 ?
507 1295 664 1345 Nempe,
684 1295 849 1346 abruptis
870 1296 1017 1332 turbata
1036 1294 1218 1346 procellis,

193 1362 318 1400 Nocte
339 1371 440 1398 natat
460 1375 567 1398 caeca
589 1374 686 1398 serus
707 1361 798 1399 freta
817 1377 826 1406 ;
855 1376 963 1412 quem
993 1376 1101 1412 super
1119 1374 1246 1413 ingens

193 1429 304 1466 Porta
323 1438 426 1465 tonat
448 1427 552 1471 coa-li,
573 1438 609 1465 et
630 1427 788 1478 scopulis
809 1428 898 1466 illisa
918 1429 1117 1466 reclamant

186 1495 368 1545 Aequora
386 1510 396 1536 ς
426 1509 490 1531 nec
512 1495 629 1532 miseri
649 1504 801 1545 possunt
823 1509 988 1533 revocare
1008 1504 1189 1546 parentes,

189 1562 268 1600 Nec
290 1561 464 1598 moritura
482 1576 590 1612 super
609 1561 746 1599 crudeli
767 1560 891 1600 funere
911 1562 1027 1614 virgo.

189 1630 292 1680 Quid
311 1629 434 1679 lynces
457 1628 592 1666 Bacchi
613 1629 743 1672 variae,
762 1638 800 1665 et
821 1643 938 1679 genus
958 1643 1038 1667 acre
1058 1628 1243 1679 luporum,

188 1697 321 1746 Atque
333 1695 482 1733 cauum?
497 1696 698 1747 quid,quae
710 1695 868 1732 imbelles
877 1696 965 1732 dant
979 1695 1116 1746 proelia
1127 1694 1246 1734 cervi?

243 1762 392 1800 Scilicet
411 1772 495 1800 ante
513 1761 628 1799 omnis
647 1760 748 1800 furor
766 1772 821 1800 est
842 1762 992 1814 insignis
1008 1775 1183 1813 equarum
1202 1776 1213 1807 ς

189 1829 243 1866 Et
264 1838 420 1867 mentem
439 1829 566 1867 Venus
586 1829 663 1879 ipsa
681 1830 796 1873 dedit,
825 1844 898 1879 quo
919 1839 1084 1879 tempore
1106 1827 1242 1867 Glauci

191 1896 386 1933 Potniades
406 1895 506 1933 malis
527 1897 687 1933 membra
705 1895 1137 1946 absumsere-quadrigae.

190 1962 275 1999 Illas
294 1963 395 1999 ducit
416 1975 516 1999 amor
534 1972 632 2000 trans
653 1962 835 2015 Gargara,
864 1971 1035 2012 transque
1056 1969 1243 1998 sonantem

190 2029 392 2068 Ascanium
411 2044 420 2067 :
451 2039 620 2080 superant
638 2030 785 2073 montis,
805 2039 841 2066 et
862 2028 1009 2067 flumina
1027 2037 1185 2065 tranant.

189 2096 462 2146 Continuoque,
485 2096 595 2133 avidis
616 2095 677 2133 ubi
698 2095 845 2133 subdita
865 2093 1006 2132 flamma
1025 2093 1206 2139 medullis,

191 2163 287 2201 Vere
308 2163 435 2215 magis,
456 2162 541 2214 quia
554 2175 635 2201 vere
654 2160 753 2201 calor
770 2162 864 2201 redit
879 2161 1033 2208 ossibus,
1053 2160 1135 2199 illae
