1493 2605
240 286 292 325 78
479 285 840 343 xGEORGICON
897 286 979 324 111.
1169 301 1202 324 v.
1224 289 1288 325 21.

240 397 341 446 Ipse,
361 407 469 449 caput
489 407 612 434 tonsae
633 397 727 434 foliis
747 407 894 434 ornatus
913 397 1041 442 olivae,

239 465 351 502 Dona
373 464 495 501 feram.
551 465 631 502 Jam
660 477 752 500 nuuc
774 463 952 500 sollemnis
973 465 1102 501 ducere
1122 476 1273 515 pompas

240 532 308 569 Ad
330 532 476 567 delubra
493 534 595 582 juvat
631 544 827 581 caesosque
849 531 964 568 videre
979 533 1153 582 juvencos
1169 547 1179 576 ;

238 600 309 636 vel
330 613 434 636 scena
456 609 494 635 ut
517 597 622 634 versis
641 597 803 634 discedat
824 582 1018 640 frontibus,
1039 607 1152 647 utque

239 666 428 713 Purpurea
449 665 577 702 intexti
598 663 727 701 tollant
750 662 872 700 aulaea
894 663 1072 701 Britanni.

239 734 283 770 In
307 733 443 769 foribus
464 745 623 781 pugnam
642 745 685 767 ex
706 745 792 767 auro
813 730 1001 780 solidoque
1015 729 1209 781 elephanto

237 801 492 852 Gangaridum
513 799 654 839 faciam,
675 797 894 848 victorisque
913 811 1009 834 arma
1030 797 1172 848 Quirini
1193 813 1204 842 ;

237 869 372 918 Atque
391 868 451 905 hic
471 867 664 904 undantem
684 865 779 902 bello
795 879 1037 916 magnumque
1059 865 1231 903 fluentem

237 934 379 978 Nilum,
399 947 440 971 ac
459 933 572 970 navali
594 932 773 982 surgentis
793 945 870 968 aere
891 931 1088 969 columnas.

236 1003 389 1041 Addam
411 1001 508 1038 urbis
524 1000 638 1037 Asiae
658 998 825 1041 domitas,
847 997 1062 1048 pulsumque
1082 998 1284 1047 Niphaten,

236 1069 502 1117 Fidentemque
517 1066 606 1117 fuga
627 1064 802 1102 Parthum
822 1065 1000 1115 versisque
1020 1065 1178 1116 sagittis,

236 1135 292 1173 Et
312 1135 385 1171 duo
415 1142 517 1183 rapta
536 1146 641 1169 manu
663 1132 802 1168 diverso
821 1145 865 1168 ex
887 1132 992 1169 hoste
1012 1141 1176 1181 tropaea,

234 1200 373 1250 Bisque
391 1199 632 1250 triumphatas
660 1208 817 1248 utroque
836 1198 880 1234 ab
901 1197 1024 1235 littore
1044 1197 1176 1250 gentis.

237 1268 398 1304 Stabunt
418 1275 455 1303 et
478 1266 570 1303 Parii
592 1264 742 1313 lapides,
764 1263 935 1313 spirantia
955 1263 1069 1315 signa,

234 1333 410 1372 Assaraci
431 1332 561 1384 proles,
583 1331 824 1380 demissaeque
844 1331 887 1367 ab
908 1331 998 1369 Jove
1019 1331 1138 1382 gentis

235 1399 585 1448 Nomina‚Trosque
597 1412 738 1448 parens,
752 1407 788 1434 et
800 1397 934 1449 Trojae
946 1397 1128 1447 Cynthius
1141 1406 1281 1436 auctor.

237 1466 378 1503 Invidia
398 1465 519 1503 infelix
542 1465 665 1508 furias,
686 1477 897 1514 amnemque
917 1477 1076 1500 severum

234 1533 385 1583 Cocyti,
406 1542 556 1576 metuet,
585 1541 774 1581 tortosque
798 1531 935 1568 Ixionis
954 1531 1082 1581 anguis

234 1598 506 1649 Immanemque
525 1608 655 1642 rotam,
675 1608 712 1635 et
732 1611 801 1634 non
822 1597 1070 1647 exsuperabile
1089 1611 1227 1636 saxum.

289 1666 433 1703 Interea
453 1665 647 1715 Dryadum
669 1663 784 1706 silvas,
806 1663 990 1714 saltusque
1011 1677 1202 1714 sequamur

234 1732 416 1776 Intactos,
436 1741 512 1775 tua,
533 1731 727 1769 Maecenas
759 1730 857 1768 haud
877 1731 996 1768 mollia
1011 1733 1119 1782 jussa.

232 1797 294 1835 Te
313 1798 386 1836 sine
406 1797 455 1835 nil
474 1797 588 1835 altum
604 1812 702 1835 mens
721 1798 882 1835 inchoat.
941 1797 1019 1835 En!
1052 1811 1135 1848 age,
1162 1798 1281 1850 segnis

236 1865 383 1916 Rumpe
405 1879 549 1910 moras3
579 1874 685 1902 vocat
706 1865 843 1915 ingenti
865 1864 1020 1902 clamore
1040 1865 1254 1910 Cithaeron,

232 1930 471 1984 Taygetique
485 1931 1070 1982 canes,domitrixqueEpidaurus
1083 1945 1279 1981 equorum;

232 1999 287 2038 Et
307 2013 377 2036 vox
398 2013 539 2036 assensu
555 2013 738 2036 nemorum
759 1998 976 2049 ingeminata
991 1999 1161 2050 remugit.

232 2065 329 2104 Mox
349 2075 468 2103 tamen
489 2066 647 2103 ardentis
667 2067 837 2117 accingar
855 2065 972 2102 dicere
993 2080 1135 2116 pugnas

233 2132 410 2176 Caesaris,
430 2142 466 2170 et
487 2147 617 2170 nomen
640 2132 733 2169 fama
751 2142 809 2169 tot
830 2131 921 2170 ferre
940 2146 1005 2182 per
1023 2146 1148 2177 annos,

232 2197 392 2235 Tithoni
411 2200 526 2249 prima
547 2209 639 2251 quot
654 2200 754 2238 abest
774 2200 820 2238 ab
839 2199 980 2252 origine
1000 2199 1147 2239 Caesar.
