1493 2605
186 289 239 327 46
477 286 825 327 GEORGICON
881 287 915 325 1.
1105 302 1142 326 v.
1156 284 1243 327 216.

186 399 393 450 Accipiunt
414 398 516 443 sulci,
543 407 579 436 et
601 398 697 435 miiio
718 398 813 436 vcnit
834 411 949 435 annua
968 412 1053 436 cura
1072 414 1083 444 ς

185 467 372 505 Candidus
391 465 523 503 auratis
542 466 655 515 aperit
676 480 788 516 quum
817 465 986 503 cornibus
1005 479 1137 504 annum

185 534 346 575 Taurus,
366 542 401 569 ct
424 533 572 569 adverso
594 532 724 568 cedens
744 531 854 570 Canis
873 531 1007 569 occidit
1024 540 1134 569 astro.

183 603 258 645 At,
280 601 306 637 si
326 600 503 636 triticeam
524 599 558 634 in
580 611 728 634 messem
749 598 970 648 robustaque
990 598 1083 634 farra

184 667 383 706 Exercebis
404 665 565 709 humum,
583 664 739 715 solisque
759 664 907 702 instabis
926 664 1041 702 aristis
1059 680 1070 710 ς

181 735 288 772 Ante
311 732 376 770 tibi
399 733 500 770 ane
522 730 737 769 Atlantides
757 731 1039 775 abscondantur,

182 800 393 850 Gnosiaque
414 798 571 836 ardentis
590 798 742 836 decedat
762 797 864 836 stella
885 800 1064 842 Coronae,

180 869 322 908 Debita
341 881 448 918 quam
470 865 576 904 sulcis
596 866 803 903 committas
823 866 971 910 semina,
1001 877 1181 916 quamque
1213 909 1216 913 Ι

181 937 321 975 Invitae
342 949 512 986 properes
533 935 613 971 anni
633 947 732 983 spem
754 933 900 971 credere
921 942 1050 971 terrae.

179 1004 294 1042 Multi
314 1012 398 1040 ante
418 1015 587 1039 occasum
612 1000 730 1038 Maiae
751 1013 904 1050 coepere
922 1015 932 1038 z
964 1001 1026 1038 sed
1045 1000 1125 1038 illos

179 1070 406 1120 Exspectata
425 1082 526 1120 seges
546 1067 642 1104 vanis
661 1067 768 1104 elusit
789 1067 918 1105 aristis.

177 1137 217 1174 Si
239 1150 320 1173 vcro
342 1134 540 1186 viciamque
561 1148 668 1179 seres,
698 1133 878 1184 vilemque
899 1133 1063 1178 faselum,

177 1204 259 1243 Nec
283 1202 491 1240 Pelusiacae
512 1215 634 1239 curam
656 1201 916 1251 adspernaberc
935 1201 1042 1238 lentis
1061 1216 1072 1245 ;

178 1268 296 1307 Haud
315 1269 470 1306 obscura
491 1269 620 1305 cadens
642 1268 762 1305 mittet
783 1267 848 1304 tibi
870 1267 972 1319 signa
994 1267 1134 1304 Bootes
1152 1281 1162 1305 :

176 1336 318 1385 Incipe,
347 1345 385 1373 et
405 1335 450 1372 ad
470 1334 602 1371 medias
623 1343 815 1371 sementem
835 1333 989 1371 extende
1010 1334 1166 1384 pruinas,

233 1402 392 1445 Idcirco,
421 1401 530 1439 certis
550 1401 747 1438 dimensum
770 1400 946 1450 partibus,
975 1400 1099 1437 orbem

177 1469 248 1506 Per
267 1468 433 1505 duodena
453 1467 548 1519 regit
569 1467 690 1504 mundi
713 1467 777 1504 Sol
797 1480 923 1504 aureus
943 1475 1049 1504 astra.

176 1535 350 1585 Quinque
370 1543 494 1572 tenent
510 1533 652 1571 coelum
669 1547 781 1571 zonae
799 1549 807 1571 :
830 1547 981 1584 quarum
999 1547 1069 1570 una
1083 1547 1236 1572 corusco

176 1603 331 1652 Semper
349 1601 422 1639 sole
442 1602 584 1646 rubens,
612 1610 650 1638 et
670 1600 805 1637 torrida
826 1613 966 1649 semper
984 1601 1029 1636 ab
1050 1600 1126 1651 igni
1144 1615 1155 1645 ς

174 1669 297 1717 Quam
315 1668 453 1705 circum
474 1678 656 1705 extremae
676 1668 805 1705 dextra
824 1667 994 1716 laevaque
1014 1667 1222 1713 trahuntur,

172 1734 349 1772 Caerulea
369 1734 484 1786 glacie
503 1743 694 1772 concretae
714 1743 824 1784 atque
843 1733 1017 1771 imbribus
1036 1734 1134 1771 atris.

179 1800 264 1838 Has
283 1800 377 1838 iuter
396 1801 621 1851 mediamque
641 1802 746 1845 duae,
776 1800 989 1838 mortalibus
1008 1801 1123 1851 aegris

177 1866 334 1904 Munere
354 1881 543 1905 concessae
563 1869 683 1905 divom
701 1883 710 1907 ε
741 1868 795 1904 via
816 1876 914 1904 secta
934 1881 999 1916 per
1017 1867 1152 1911 ambas,

173 1932 359 1982 Obliquus
378 1947 450 1982 qua
469 1948 505 1971 se
526 1935 711 1985 signorum
733 1943 889 1971 verteret
908 1934 1013 1971 ordo.

173 1999 338 2036 Mundus
359 2009 399 2037 ut
417 2001 463 2037 ad
485 2001 675 2051 Scythiam
699 2000 950 2050 Rhipaeasque
971 1999 1104 2037 arduus
1123 2000 1214 2039 arcis

172 2067 387 2118 Consurgit,
416 2068 594 2118 premitur
614 2068 756 2117 Libyae
777 2067 933 2104 devexus
952 2066 986 2103 in
1008 2067 1185 2105 Austros.

173 2132 252 2171 Hic
272 2142 396 2170 vertex
418 2134 519 2171 nobis
540 2148 678 2185 semper
697 2133 856 2170 sublimis
873 2148 882 2171 ε
914 2141 951 2170 at
969 2132 1071 2169 illum

172 2199 252 2243 §ub
272 2200 424 2250 pedibus
447 2202 543 2252 Styx
564 2210 642 2238 atra
660 2200 772 2247 videt,
801 2199 1003 2252 Manesque
1023 2197 1208 2251 profundi.
