1493 2605
238 279 315 317 120
484 327 495 332 q
538 276 838 316 AENmDos
896 277 930 316 1.
1168 291 1202 317 v.
1225 274 1291 317 132-

235 389 438 436 Carthaqm
461 388 602 426 Italiam
623 396 750 426 contra
769 388 1017 438 Tiberinaque
1034 387 1144 441 longe

236 457 355 495 Ostm.
387 457 484 493 dives
502 469 628 505 opum,
656 455 857 504 studiisque
877 455 1072 505 asperrima
1089 455 1175 493 belli
1194 471 1206 501 ;

236 525 357 573 Quam
378 524 474 561 Juno
496 521 608 559 fertur
630 521 733 558 terris
753 521 868 572 magis
886 521 1053 559 omnibus
1076 535 1184 559 unam

236 589 451 626 Posthabita
471 588 624 625 coluisse
646 589 766 626 Samo.
807 587 866 625 hic
886 586 980 625 illius
1000 601 1110 632 arma,

234 655 315 693 Hic
336 670 460 692 currus
481 654 549 691 fuit
568 670 577 692 :
608 655 678 692 hoc
699 668 849 706 regnum
870 654 935 691 dea
955 654 1127 705 gentibus
1146 667 1236 699 esse,

236 722 276 759 Si
297 735 368 771 qua
388 721 462 758 sata
482 721 612 764 sinant,
635 723 709 772 jam
731 731 808 758 tum
830 721 1020 770 tenditque
1048 719 1234 771 fovetque.

234 789 450 840 Progeniem
472 788 532 825 sed
553 788 645 825 enim
667 788 830 840 Trojano
850 801 870 824 a
889 787 1060 839 sanguine
1080 787 1166 825 duci

232 855 430 899 Audierat,
459 855 594 905 Tyrias
613 854 698 891 olim
719 869 810 904 quae
830 863 983 891 verteret
1003 867 1128 899 arces;

234 921 338 960 Hinc
359 922 549 972 populum,
578 921 649 958 late
670 935 806 972 regem,
833 920 1003 971 belloque
1023 921 1237 971 superbum,-

234 990 443 1026 Venturum
463 989 605 1026 excidio
627 988 772 1037 Libyae
791 1003 801 1032 ;
831 987 880 1024 sic
901 987 1039 1025 volvere
1061 988 1205 1025 Parcas.

234 1057 279 1094 Id
300 1066 477 1099 metuens,
506 1055 708 1105 veterisque
729 1068 877 1099 memor,
908 1053 1090 1098 Saturnia,
1109 1053 1209 1097 belli,

233 1122 354 1159 Prima
374 1122 475 1172 quod
503 1122 549 1158 ad
568 1122 717 1172 Trojarn
738 1135 804 1171 pro
824 1120 915 1158 caris
934 1129 1094 1171 gesserat
1114 1119 1232 1171 Argis
1246 1134 1259 1158 ε

233 1189 314 1226 Nec
333 1189 419 1225 dum
440 1188 548 1226 etiarn
567 1201 712 1224 caussae
732 1187 864 1224 irarum
884 1186 1047 1237 saevique
1067 1186 1210 1224 dolores

234 1256 461 1294 Exciderant
481 1255 598 1292 animo
617 1270 627 1299 ;
657 1263 777 1290 manet
797 1253 869 1291 alta
890 1265 1010 1291 mente
1029 1262 1217 1304 repostum

230 1323 414 1360 Judicium
437 1322 587 1365 Paridis,
618 1329 831 1371 spretaeque
858 1321 985 1372 injuria
1004 1319 1154 1364 formae,

234 1389 287 1426 Et
307 1402 421 1440 genus
439 1388 605 1433 invisum,
632 1397 669 1424 et
688 1387 782 1436 rapti
804 1387 1029 1437 Ganymedis
1048 1385 1202 1424 honores
1220 1401 1231 1425 :

231 1455 307 1493 His
325 1468 475 1492 accensa
494 1468 613 1504 super,
635 1456 794 1506 jactatos
813 1467 971 1504 aequore
991 1462 1090 1497 toto,

176 1568 183 1570 ὴ
233 1521 366 1565 Troas,
395 1521 561 1571 reliquias
581 1521 752 1558 Danaum
780 1529 890 1570 atque
909 1520 1056 1556 immitis
1075 1518 1237 1564 Achilli,

232 1588 401 1624 Arcebat
419 1587 529 1638 longe
549 1586 663 1624 Latio
682 1602 693 1632 ;
722 1585 929 1637 multosque
958 1600 1024 1636 per
1042 1598 1153 1622 annos

233 1654 432 1697 Errabant,
460 1653 533 1691 acti
553 1653 651 1697 fatis,
680 1653 788 1689 maria
807 1653 925 1690 omnia
943 1652 1094 1690 circum.

232 1720 377 1758 Tantae
392 1720 496 1758 molis
515 1730 592 1758 erat
617 1720 818 1757 Romanam
837 1719 994 1757 condere
1016 1728 1162 1771 gentem
1178 1721 1187 1757 ἒ

284 1788 375 1832 Vix,
402 1802 422 1824 e
441 1796 641 1838 conspectu
663 1786 804 1825 Siculae
831 1785 983 1831 telluris,
1011 1786 1045 1822 in
1064 1784 1180 1823 altum

232 1854 326 1892 Vela
345 1855 481 1892 dabant
499 1853 599 1898 laeti,
625 1864 663 1890 et
684 1866 826 1904 spumas
845 1852 926 1890 salis
953 1866 1032 1890 aere
1051 1852 1230 1897 ruebant;

233 1922 361 1971 Quum
379 1921 490 1965 Juno‚
518 1931 704 1958 aeternum
724 1932 864 1958 servans
883 1919 949 1956 sub
977 1928 1126 1969 pectore
1147 1918 1291 1963 volnus,-

233 1987 342 2025 Haec
363 2001 484 2024 secum
503 2002 512 2025 ε
546 1986 658 2025 Mene
678 1986 825 2036 incepto
845 1984 1014 2023 desistere
1032 1985 1177 2028 victam,

235 2053 314 2090 Nec
335 2067 440 2103 posse
463 2053 569 2091 Italia
588 2053 820 2091 Teucrorum
839 2060 998 2090 avertere
1017 2051 1168 2101 regem?

234 2119 384 2169 Quippe
404 2129 505 2158 vetor
524 2119 620 2157 fatis.
679 2118 840 2157 Pallasne
860 2131 1009 2155 exurere
1028 2116 1178 2153 classem

233 2186 434 2236 Argivum,
462 2196 572 2238 atque
592 2188 688 2238 ipsos
706 2185 828 2237 potuit
849 2185 1079 2236 submergere
1098 2192 1233 2235 ponto.-
