1493 2605
179 293 215 317 ν.
235 281 320 316 103.
482 277 781 315 AENEIDOS
840 277 897 313 Π.
1150 280 1217 316 151

181 389 300 439 quue
320 388 443 425 audire
463 397 517 425 sat
536 397 590 425 est
607 403 617 432 ;
641 374 853 438 jamdudum
874 386 1003 424 sumite
1020 401 1168 435 poenas.

180 453 270 492 Hoc
291 455 442 492 Ithacus
461 454 561 498 velit,
587 463 623 491 et
643 468 776 505 magno
797 463 1001 490 mercentur
1023 453 1195 489 Atridae.

231 521 331 558 Tum
351 535 434 558 vero
455 521 619 558 ardemus
640 521 759 558 scitari
778 530 815 558 et
835 535 1003 571 quaerere
1021 534 1178 563 caussas,

179 587 304 637 Ignari
322 588 495 625 scelerum
515 597 714 631 tantorum,
742 588 900 638 artisque
922 587 1107 638 Pelasgae.

178 653 417 704 Prosequitur
436 654 610 704 pavitans,
638 664 675 690 et
697 655 785 691 ficto
806 664 954 703 pectore
974 653 1083 691 fatur.

232 722 345 770 Saepe
363 720 489 771 fugam
509 720 629 758 Danai
644 720 759 771 Troja
775 720 918 770 cupiere
938 719 1064 757 relicta

180 785 318 830 Moliri,
345 796 382 823 et
401 786 512 838 longo
534 786 615 823 fessi
635 787 817 823 discedere
832 786 927 823 bello
945 800 955 823 ε

179 851 436 902 Fecissentque
454 853 614 891 utinam!
648 867 751 902 saepe
769 852 849 889 illos
870 866 994 901 aspera
1013 852 1118 901 ponti

180 919 391 956 Interclusit
410 920 536 964 hiems,
555 930 592 957 et
612 920 740 957 terruit
759 919 904 956 Auster
920 924 1050 957 euntis,

178 986 392 1036 Praecipue,
403 988 597 1037 quumjam
610 986 683 1030 hic,
697 986 859 1023 trabibus
871 994 1067 1022 contextus
1076 985 1223 1030 acernis,

181 1054 304 1090 Staret
323 1067 452 1104 equus,
479 1062 560 1090 toto
581 1062 777 1090 sonuerunt
797 1053 941 1090 aethere
962 1053 1085 1090 nimbi.

179 1120 351 1170 Suspensi
372 1119 605 1170 Eurypylum
626 1118 796 1156 scitatum
815 1120 959 1156 oracula
980 1119 1121 1157 Phoebi

178 1186 378 1230 Mittimus,
405 1187 508 1236 isque
527 1186 646 1235 adytis
674 1185 762 1222 haec
782 1185 898 1222 tristia
917 1185 1015 1222 dicta
1034 1195 1196 1236 reportat
1212 1202 1221 1224 ε

180 1253 364 1303 Sanguine
384 1252 551 1303 placastis
571 1261 710 1294 ventos,
738 1260 775 1288 et
795 1252 930 1302 virgine
949 1266 1063 1294 caesa,

178 1320 305 1368 Quum
324 1319 480 1368 primum
498 1318 638 1362 Iliacas,
658 1318 792 1362 Danai,
812 1318 956 1355 venistis
976 1319 1020 1354 ad
1039 1332 1142 1356 oras:

179 1384 362 1435 Sanguine
381 1385 574 1435 quaerendi
594 1384 744 1428 reditus,
772 1384 959 1434 animaque
978 1384 1158 1421 litandum

178 1450 372 1501 Argolica.
429 1450 543 1502 Volgi
563 1465 654 1501 quae
673 1465 743 1487 vox
765 1461 806 1488 ut
826 1450 923 1488 venit
943 1451 988 1487 ad
1011 1451 1119 1494 auris,

180 1516 415 1567 Obstupuere
435 1517 572 1561 animis,
601 1517 815 1568 gelidusque
833 1532 898 1567 per
916 1518 986 1554 ima
1010 1518 1172 1554 cucurrit

179 1581 275 1619 Ossa
294 1592 429 1620 tremor
445 1598 459 1628 3
477 1583 536 1620 cui
551 1582 626 1620 fata
639 1592 780 1633 parent,
801 1597 908 1633 quem
923 1593 1051 1633 poscat
1066 1583 1222 1634 Apollo.

178 1648 258 1686 Hic
280 1650 432 1687 Ithacus
452 1658 570 1687 vatem
589 1663 723 1701 magno
743 1649 946 1687 Calchanta
957 1650 1119 1688 tumultu

178 1716 367 1752 Protrahit
386 1716 421 1752 in
441 1717 604 1754 medios:
635 1730 726 1766 quae
746 1716 816 1752 sint
836 1730 877 1753 ea
895 1717 1039 1753 numina
1065 1717 1203 1761 divom,

180 1781 356 1832 Flagitat.
388 1782 442 1819 Et
462 1782 548 1819 mihi
562 1785 638 1834 jam
657 1782 762 1819 multi
777 1781 923 1820 crudele
942 1783 1121 1820 canebant

177 1847 348 1884 Artificis
363 1847 493 1892 scelus,
520 1857 556 1885 et
576 1849 678 1886 taciti
698 1860 849 1887 ventura
867 1851 1051 1888 videbant.

180 1913 242 1951 Bis
261 1914 391 1964 quinos
409 1913 489 1952 silet
507 1914 564 1952 ille
597 1916 684 1960 dies,
713 1925 904 1967 tectusque
924 1926 1066 1954 recusat

180 1979 337 2017 Prodere
357 1995 446 2018 voce
464 1994 526 2017 sua
545 1996 777 2032 quemquam,
807 1992 871 2020 aut
897 1998 1084 2034 opponere
1102 1985 1221 2022 morti.

178 2046 253 2083 Vix
273 2047 432 2090 tandem,
459 2048 598 2098 magnis
620 2049 739 2085 Ithaci
758 2049 974 2087 clamoribus
1004 2060 1120 2095 actus,

182 2112 397 2160 Composito
417 2115 553 2164 rumpit
574 2129 712 2160 vocem,
741 2125 778 2153 et
802 2130 857 2153 me
876 2117 1033 2154 destinat
1052 2131 1144 2155 arae.

233 2179 441 2217 Adsensere
460 2194 581 2218 omnes
598 2197 607 2225 3
627 2190 678 2227 et,
699 2196 790 2233 quae
806 2182 872 2220 sibi
893 2184 1045 2235 quisque
1060 2184 1225 2232 timebat,
