1493 2605
209 299 242 324 v.
264 286 351 323 132.
515 281 862 323 GEORGICON
918 282 952 320 Ι.
1211 286 1263 322 43

208 396 276 440 Et,
297 394 426 446 passim
445 393 527 432 rivis
545 393 739 439 currentia,
759 393 840 431 vina
861 393 1029 444 repressit
1046 408 1056 432 ε
1077 381 1081 384 ”

207 463 266 502 Ut
285 463 400 500 varios
419 475 504 500 usus
524 462 729 499 meditando
748 462 964 499 extunderet
982 460 1069 498 artis

206 528 412 572 Paullatim,
432 537 468 566 et
489 528 595 566 sulcis
614 527 785 566 frumenti
804 537 989 578 quaereret
1008 527 1157 565 herbam
1175 542 1188 574 ς

207 596 281 640 Ut,
302 596 408 633 silicis
429 596 524 633 venis
544 596 762 640 abstrusum,
782 595 978 632 excuderet
998 594 1131 646 ignem.

206 662 317 701 Tunc
338 662 437 699 alnos
455 662 610 714 primum
630 660 727 698 fluvii
748 674 887 699 sensere
905 671 1048 699 cavatas
1066 676 1076 699 :

205 729 338 768 Navita
357 737 435 766 tum
456 727 567 766 stellis
586 740 750 764 numeros
768 736 806 765 et
825 727 969 764 nomina
987 727 1090 773 fecit,

204 794 382 839 Ple’i'adas,
404 794 574 846 Hyadas,
592 794 797 845 claramque
817 794 1003 845 Lycaonis
1025 796 1186 832 Arcton.

204 862 308 901 Tum
325 862 460 913 laqueis
478 871 624 911 captare
643 859 749 904 feras,
767 869 804 898 et
824 860 946 898 fallere
966 861 1077 904 visco,

207 929 416 973 Inventum,
434 937 472 966 et
491 942 642 980 magnos
661 928 809 966 canibus
829 928 1053 966 circumdare
1072 927 1184 966 saltus
1200 943 1211 967 ε

205 995 341 1045 Atque
360 995 449 1032 alius
468 994 583 1032 latum
603 992 714 1030 funda
729 996 802 1045 jam
823 995 987 1032 verberat
1007 1007 1174 1040 amnem;

204 1062 302 1102 Alta
321 1072 461 1113 petens,
490 1061 693 1113 pelagoque
713 1061 801 1097 alius
820 1061 932 1098 trahit
951 1061 1101 1100 humida
1119 1062 1203 1102 lina.

202 1128 305 1167 Tum
324 1128 408 1165 ferri
427 1128 539 1179 rigor,
561 1136 669 1178 atque
689 1136 842 1178 argutae
861 1127 991 1164 lamina
1010 1141 1140 1173 serrae,

205 1194 325 1247 (Nam
344 1194 451 1244 primi
470 1194 593 1231 cuneis
613 1194 826 1231 scindebant
846 1193 953 1230 fissile
972 1193 1137 1246 lignum)

201 1260 305 1299 Tum
324 1259 438 1297 variae
458 1274 583 1297 venere
603 1269 696 1296 artes
714 1274 723 1297 :
755 1259 858 1298 labor
879 1259 999 1296 omnia
1018 1259 1106 1297 vicit

203 1327 415 1378 ImprobuS,
435 1335 472 1363 et
492 1326 591 1364 duris
611 1340 770 1378 urguens
790 1327 825 1363 in
847 1327 954 1364 rebus
974 1333 1131 1378 egestas.

203 1395 325 1433 Prima
345 1395 455 1432 Ceres
475 1393 570 1431 ferro
590 1394 750 1431 mortalis
769 1404 907 1431 vertere
928 1402 1060 1431 terram

203 1461 382 1504 Instituit,
402 1475 515 1511 quum
529 1463 603 1512 jam
621 1461 769 1513 glandes
789 1471 899 1511 atque
918 1461 1047 1498 arbuta
1066 1473 1186 1498 sacrae

202 1529 416 1569 Deficerent
437 1529 556 1574 silvae,
576 1539 614 1566 et
634 1530 770 1566 victum
791 1529 953 1566 Dodona
973 1537 1136 1579 negaret.

202 1596 299 1635 Mox
317 1606 355 1634 et
373 1596 560 1634 frumentis
579 1595 683 1633 labor
701 1595 845 1633 additus
861 1611 871 1639 ;
902 1603 943 1632 ut
959 1595 1051 1632 mala
1070 1594 1212 1632 culmos

202 1662 313 1702 Esset
331 1663 477 1713 robigo,
497 1662 686 1713 segnisque
707 1662 869 1699 horreret
888 1662 922 1698 in
943 1662 1034 1699 arvis

202 1730 397 1769 carduus:
427 1729 609 1766 intereunt
629 1740 769 1781 segetes
787 1744 798 1773 3
828 1728 925 1766 subit
950 1742 1077 1779 aspera
1095 1728 1195 1774 silva,

202 1795 431 1846 Lappaeque
450 1793 648 1844 tribulique
666 1810 677 1839 ;
706 1794 871 1845 interque
887 1795 1038 1831 nitentia
1057 1794 1159 1832 culta

203 1861 336 1900 Infelix
356 1861 482 1899 lolium
500 1870 538 1898 et
558 1855 693 1898 steriles
713 1861 944 1898 dominantur
962 1874 1103 1906 avenae.

257 1929 384 1980 Quod,
404 1928 470 1965 nisi
488 1936 526 1965 et
545 1927 693 1965 assiduis
713 1937 847 1964 terram
866 1927 1089 1966 insectabere
1108 1929 1243 1976 rastris,

203 1996 258 2034 Et
277 1995 398 2032 sonitu
417 1994 566 2031 terrebis
585 2008 678 2039 aves,
697 2003 734 2031 et
755 1994 845 2031 ruris
865 1995 970 2044 opaci

203 2060 313 2099 Falce
333 2074 472 2112 premes
492 2061 651 2106 umbras,
679 2061 842 2111 votisque
863 2062 1042 2098 vocaveris
1062 2061 1239 2108 imbrem;

203 2128 295 2167 Heu
313 2130 322 2165 l
354 2140 527 2178 magnum
545 2127 691 2164 alterius
711 2126 845 2164 frustra
865 2128 1046 2178 spectabis
1067 2142 1247 2176 acervum,

202 2194 464 2246 Concussaque
483 2193 616 2233 famem
633 2194 668 2232 in
689 2194 784 2232 silvis
803 2193 962 2234 solabere
983 2209 1131 2247 quercu.

699 2261 787 2301 F?
