1529 2693
430 297 665 338 PRIORIS
696 296 1017 336 EDITIONIS.
1207 298 1244 335 ix

200 410 244 450 In
263 412 318 449 his
337 411 499 449 versibus
518 411 634 448 multa
659 419 742 448 sunt
763 424 855 461 quae
882 409 1155 460 reprehendunt
1183 409 1248 446 viri

199 479 314 523 docti,
331 488 373 516 ut
385 479 490 517 *volat
508 489 546 516 et
567 478 709 517 volabat
727 478 762 514 in
783 476 1004 514 continuatis
1022 476 1197 520 versibus,
1212 485 1250 513 et

198 549 448 596 ὁμοιοτελευτον,
491 546 637 583 auribus
656 545 855 596 ingratum,
883 545 918 580 in
952 545 1158 588 vol-Amr,
1183 560 1253 582 sec-

200 626 344 659 ABAT3
373 615 418 651 de
448 613 582 663 quibus
597 613 669 649 vid.
699 610 879 650 Johnsoni
908 611 1120 648 Aristarch.
1154 611 1198 650 P.
1221 625 1250 651 1.

199 695 238 731 p.
262 683 325 721 87.
354 690 392 718 et
421 694 522 731 seqq.
553 686 578 705 “
599 681 674 723 At,
702 678 822 729 inquit
853 676 1053 721 Bentleius,
1082 677 1171 727 quid
1197 687 1254 715 est

202 748 340 785 “littus
359 763 486 792 secare,
515 746 580 783 nisi
613 745 718 783 littus
747 758 846 782 arare
876 753 913 781 et
933 743 1120 782 effodere?
1149 744 1254 795 Quid

197 821 223 840 ‘⁶
242 827 364 852 autem
382 817 453 852 hoc
474 814 520 851 ad
541 813 771 851 Mercurium
790 811 974 849 volantem
993 813 1005 850 ?
1026 812 1160 850 Nullus
1181 813 1248 850 du-

199 886 225 908 “
243 882 323 920 bito
343 881 429 932 quin
449 880 500 919 sic
521 879 704 932 scripserit
725 879 894 930 princeps
923 880 1116 929 poetarum
1133 896 1144 919 ς

203 995 228 1014 “
249 988 367 1026 Haud
387 989 504 1033 aliter,
533 997 646 1025 terras
665 988 758 1025 inter
777 987 1010 1037 coelumque,
1039 987 1166 1038 legebat

204 1063 230 1081 “
251 1056 380 1094 Littus
399 1069 588 1093 arenosum
610 1055 768 1105 Libyae,
796 1066 997 1105 ventosque
1017 1057 1178 1102 secabat,

203 1129 229 1148 ‘⁶
248 1123 420 1161 Materno
441 1123 585 1160 veniens
605 1123 650 1160 ab
670 1136 736 1159 avo
757 1121 924 1172 Cyllenia
942 1121 1106 1172 proles.’'

756 1190 826 1226 Ad
847 1189 957 1227 Hoa.
981 1189 1061 1227 On.
1085 1203 1112 1226 ι.
1137 1192 1200 1228 34.

203 1283 227 1321 J
230 1282 411 1319 ohnsonus
427 1290 555 1319 contra
573 1297 686 1320 secare
700 1282 793 1320 littus
813 1281 908 1318 idem
924 1295 1000 1318 esse
1015 1290 1138 1331 putat,
1155 1283 1255 1332 quod

203 1365 316 1387 secare
334 1351 443 1395 viam,
471 1358 513 1387 ut
533 1349 712 1401 Virgilius
732 1348 816 1385 alibi
845 1348 1022 1398 loquitur.
1081 1348 1257 1387 Editores

203 1416 312 1453 etiam
332 1426 370 1453 et
397 1417 613 1467 interpretes
640 1416 761 1453 locum
793 1415 890 1453 hunc
926 1415 1022 1452 varie
1055 1424 1257 1462 tentarunt,

203 1497 359 1535 quorum
380 1484 542 1521 omnium
562 1483 758 1521 sententias
792 1482 925 1520 referre
955 1481 1111 1534 longum
1145 1492 1253 1522 esset.

204 1550 286 1589 Nos
305 1550 500 1588 lectionem
520 1550 706 1603 vulgatam
735 1550 944 1595 retinemus,
973 1563 1082 1600 quam
1111 1550 1257 1588 codices

204 1631 328 1655 omnes
356 1627 534 1668 tuentur:
565 1627 616 1664 et,
644 1618 814 1669 quoniam
842 1618 913 1655 hoc
942 1618 1021 1670 agit
1048 1619 1173 1668 poeta,
1201 1628 1258 1666 ut,

206 1685 384 1722 B‘Iercurii
415 1684 577 1722 volatum
605 1688 714 1737 juxta
743 1699 839 1722 mare
869 1699 911 1722 ac
944 1684 1049 1722 littus
1083 1685 1257 1731 declaret,

205 1752 307 1802 quod
327 1760 426 1789 recte
455 1752 625 1788 observat
655 1751 842 1802 Heynius,
869 1751 952 1788 viris
980 1752 1100 1789 doctis
1128 1753 1259 1805 dijudi-

204 1819 360 1856 candum
380 1817 627 1869 relinquimus,
655 1832 699 1855 an
720 1819 830 1855 verba
858 1818 999 1856 volabat
1017 1819 1112 1858 littus
1139 1821 1257 1871 expli-

205 1885 279 1922 cari
299 1885 685 1935 possint—VOLATU,
713 1887 788 1924 sive
815 1885 979 1932 volando,
1010 1899 1252 1926 TRANSIBAT

205 1953 312 1997 littus,
342 1956 412 1990 ἃς.
470 1952 576 1990 Huic
596 1952 887 2003 interpretationi
907 1953 1177 2003 quodammodo
1205 1954 1257 1992 fa-

206 2028 267 2055 vet
286 2018 507 2069 significatio
527 2019 664 2069 passiva
692 2020 791 2057 vocis
820 2020 1016 2066 velivolum,
1045 2035 1153 2071 quam
1172 2022 1257 2059 Vir-

208 2085 317 2136 gilius
337 2085 423 2123 alibi
443 2086 627 2137 usurpavit
647 2102 656 2124 :

209 2192 627 2206 ..............................
631 2167 775 2217 Jupiter
795 2167 939 2205 aethere
960 2181 1100 2205 summo

207 2231 424 2282 Despiciens
444 2248 540 2272 mare
562 2248 830 2282 vemvomJM,
859 2244 1046 2285 terrasque
1062 2236 1236 2285 jacentes.

915 2301 1028 2340 Aes.
1054 2315 1080 2340 ι,
1111 2303 1199 2341 224.
