1493 2605
175 277 209 304 v.
234 266 321 304 131.
460 263 806 304 GEORGICON
863 264 935 302 IV.
1155 266 1233 305 101³

171 377 284 422 Lilia,
304 377 560 427 verbenasque,
581 389 756 427 premens,
780 367 998 427 vescumque
1018 389 1189 426 papaver,

173 444 322 496 Regum
342 444 520 495 aequabat
541 457 629 493 opes
648 442 798 487 animis;
828 456 978 493 seraque
998 452 1181 480 revertens

178 510 304 549 Nocte
323 511 470 547 domum
491 510 646 560 dapibus
673 521 808 546 mensas
826 509 997 545 onerabat
1017 508 1171 546 inemtis.

173 576 317 614 Primus
330 590 409 613 vere
425 590 554 620 rosam,
574 586 684 626 atque
703 584 900 613 auctumno
920 589 1066 625 carpere
1087 589 1221 625 poma3

141 637 144 638 ⁷
167 643 236 687 Et,
257 658 369 694 quum
390 644 503 681 tristis
521 643 636 680 hiems
654 642 850 680 etiamnum
871 643 1009 694 frigore
1030 657 1114 680 saxa

169 709 389 760 Rumperet,
407 720 444 747 et
464 710 580 761 glacie
599 723 726 747 cursus
747 709 903 746 frenaret
926 724 1115 759 aquarum,

167 775 235 814 Ille
255 791 394 814 comam
414 776 530 814 mollis
545 779 619 833 jalm
639 777 815 814 tondebat
835 776 1036 826 hyacinthi,

163 843 362 880 Aestatem
375 843 594 893 increpitans
614 856 727 880 seram
742 842 995 894 zephyrosque
1008 842 1192 879 morantis.

163 909 269 960 Ergo
289 911 417 960 apibus
438 909 521 946 fetis
540 909 648 952 idem,
669 918 778 959 atque
797 910 958 946 examine
978 909 1109 954 multo,

163 975 305 1013 Primus
325 977 520 1020 abundare,
541 986 577 1013 et
597 976 804 1025 spumantia
821 990 959 1026 cogere
979 977 1110 1026 pressis

166 1041 282 1079 Mella
301 1042 390 1079 favis
408 1058 418 1087 3
448 1042 497 1079 illi
519 1042 628 1085 tiliae,
649 1052 757 1093 atque
778 1043 954 1079 uberrima
974 1043 1078 1092 pinus
1097 1059 1109 1087 ;

160 1109 340 1159 Quotque
360 1109 394 1146 in
416 1110 504 1147 flore
525 1124 617 1146 novo
638 1110 753 1159 pomis
774 1124 810 1146 se
830 1108 958 1146 fertilis
979 1110 1086 1145 arbos

162 1175 336 1213 Induerat
356 1177 509 1213 totidem
530 1186 728 1214 auctumno
749 1187 890 1213 matura
906 1176 1065 1212 tenebat.

159 1240 226 1278 Ille
247 1244 355 1278 etiam
375 1257 469 1280 seras
489 1243 524 1279 in
546 1257 685 1280 versum
707 1243 849 1280 distulit
870 1242 999 1287 ulmos,

157 1308 397 1360 Eduramque
417 1311 549 1360 pirum,
572 1320 610 1348 et
634 1311 756 1360 spinos
773 1312 846 1361 jam
866 1323 981 1359 pruna
999 1309 1158 1354 ferentis,

154 1378 308 1427 Jamque
328 1377 588 1415 ministrantem
608 1377 795 1427 platanum
819 1378 1032 1427 potantibus
1052 1381 1208 1414 umbras„

153 1444 293 1481 Verum
313 1444 401 1482 haec
419 1445 496 1494 ipse
515 1444 696 1495 equidem,
717 1443 840 1494 spatiis
859 1443 1027 1481 exclusus
1045 1444 1189 1494 iniquis,

154 1510 361 1555 Praetereo,
381 1520 490 1561 atque
510 1511 586 1548 aliis
606 1520 690 1562 post
710 1525 765 1548 me
784 1510 1014 1548 memoranda
1029 1510 1205 1561 relinquo.

206 1577 317 1615 Nunc
336 1591 418 1629 age,
437 1587 596 1622 naturas,
616 1578 746 1628 apibus
766 1591 856 1628 quas
875 1577 1021 1629 Jupiter
1039 1580 1117 1628 ipse

153 1643 331 1688 Addidit,
349 1645 540 1695 expediam
558 1662 568 1691 3
589 1659 655 1695 pro
676 1659 748 1694 qua
767 1645 944 1688 mercede,
963 1657 1115 1681 canoros

152 1710 332 1747 Curetum
351 1711 487 1748 sonitus
507 1710 793 1761 crepitantiaque
814 1723 894 1747 aera
913 1720 1073 1754 secutae,

151 1776 312 1814 Dictaeo
331 1777 422 1814 coeli
438 1792 560 1829 regem
581 1792 709 1828 pavere
728 1778 796 1814 sub
817 1786 934 1814 antro.

152 1842 259 1881 Solae
278 1844 477 1881 communis
497 1854 640 1895 gnatos,
661 1844 842 1882 consortia
860 1852 960 1881 tecta

150 1910 653 1962 Urbis‚habent,magnisque
666 1912 807 1963 agitant
820 1912 886 1949 sub
897 1911 1039 1962 legibus
1053 1925 1176 1949 aevum
1185 1928 1199 1956 i
1216 1905 1219 1907 Α

149 1977 204 2014 Et
223 1978 375 2027 patriam
395 1978 495 2015 solae,
505 1988 542 2015 et
561 1989 680 2016 certos
702 1992 831 2017 novere
852 1978 1026 2024 Penatis3

148 2044 406 2096 Venturaeque
426 2046 552 2083 hiemis
571 2058 744 2084 memores
764 2056 899 2084 aestate
919 2046 1079 2086 laborem

148 2111 414 2162 Experiuntur,
433 2123 472 2151 et
488 2113 525 2150 in
545 2113 704 2151 medium
719 2115 881 2164 quaesita
896 2127 1089 2165 reponunt.

148 2178 317 2229 Namque
337 2179 424 2217 aliae
444 2180 542 2218 victu
564 2180 765 2233 invigilant,
782 2190 822 2219 et
841 2181 986 2219 foedere
1003 2191 1115 2233 pacto
