1493 2605
216 269 290 307 164
481 320 492 326 η
523 270 826 310 AENfflDOS
884 272 940 310 11.
1118 287 1151 310 v.
1168 276 1262 314 467,

212 382 370 420 Incidit:
402 392 456 420 ast
476 383 533 420 alii
554 386 706 421 subeunt
727 399 735 421 ι
766 399 832 421 nec
852 397 948 429 saxa,
969 398 1034 421 nec
1055 383 1167 422 ullum

209 447 385 486 Telorum
407 449 539 487 interea
559 460 673 487 cessat
695 464 820 500 genus.

206 514 440 553 Vestibulum
455 526 536 553 autc
552 517 682 566 ipsum,
697 516 886 566 primoque
899 517 931 553 in
945 517 1077 560 limine,
1094 518 1257 568 Pyrrhus

205 579 394 626 Exsultat,
415 582 495 619 telis
515 593 551 619 ct
573 583 652 619 luce
673 597 843 620 coruscus
873 585 958 621 ne'na
977 599 985 621 :

202 649 344 699 Qualis,
364 651 425 687 ubi
446 650 479 686 in
500 649 616 687 lucem
636 650 804 694 coluber,
826 649 915 686 mala
935 651 1095 702 gramina
1116 659 1254 700 pastus,

201 714 353 767 Frigida
373 717 439 753 sub
460 725 554 753 terra
575 717 755 754 tumidum
770 731 878 767 quem
898 717 1026 754 bruma
1045 719 1194 768 tegebat
1213 734 1226 763 ;

198 782 323 826 Nunc,
344 782 470 834 positis
490 797 604 819 novus
616 783 766 826 exuviis,
786 783 995 834 nitidusque
1008 786 1171 835 juventa,

197 848 363 886 Lubrica
382 849 577 894 convolvit,
599 849 742 886 sublato
762 859 926 900 pectore,
946 861 1066 901 terga,

194 917 350 954 Arduus
369 916 414 954 ad
435 916 559 960 solem,
579 927 614 954 et
636 917 769 967 linguis
789 917 898 954 micat
918 931 979 954 ore
1000 918 1168 955 trisulcis.

193 983 282 1022 Una
294 983 420 1035 ingens
435 983 622 1034 Periphas,
641 994 692 1028 ct,
707 998 883 1034 equorum
899 984 1059 1035 agitator
1071 985 1247 1031 Achillis,

190 1051 370 1102 Armiger
390 1051 658 1095 Automedon;
689 1065 758 1088 una
776 1051 889 1087 omnis
912 1051 1039 1102 Scyria
1063 1053 1178 1101 pubes

189 1118 400 1156 Succedunt
421 1127 535 1162 tecto,
563 1127 602 1155 et
623 1118 781 1155 flammas
799 1118 844 1155 ad
865 1117 1020 1155 culmina
1034 1121 1189 1170 jactant.

189 1184 276 1234 Ipse
295 1184 390 1222 inter
410 1185 545 1235 primos
564 1194 733 1235 correpta
753 1185 843 1222 dura
863 1185 1010 1234 bipenni

186 1250 334 1288 Limina
353 1251 573 1301 perrumpit,
596 1261 791 1301 postesque
819 1265 839 1287 a
858 1250 1003 1287 cardine
1023 1250 1121 1288 vellit

181 1317 370 1363 Aeratos;
393 1319 542 1369 jamque
561 1318 681 1354 excisa
701 1318 803 1354 trabe
826 1317 927 1354 firma
947 1318 1087 1354 cavavit

183 1383 348 1428 Robora,
377 1393 414 1420 ct
434 1383 618 1434 ingentem
639 1383 714 1420 lato
735 1383 835 1420 dedit
856 1397 917 1420 ore
938 1383 1144 1422 fenestram.

179 1453 355 1502 Apparet
375 1451 504 1487 domus
523 1450 633 1493 intus,
663 1460 699 1486 et
722 1450 810 1486 atria
831 1450 940 1501 longa
962 1460 1151 1500 patescunt
1169 1467 1181 1489 2

178 1521 378 1569 Apparent
399 1517 532 1555 Priami
553 1526 590 1554 et
611 1526 772 1553 veterum
794 1517 990 1566 penetralia
1010 1531 1138 1568 regum
1157 1534 1167 1564 ;

176 1585 432 1634 Armatosque
451 1584 573 1621 vident
594 1584 722 1620 stantis
742 1583 776 1619 in
798 1583 918 1620 limine
942 1583 1070 1636 primo.
1103 1573 1109 1578 Ι

227 1652 289 1690 At
309 1653 438 1688 domus
459 1651 610 1687 interior
629 1650 784 1702 gemitu,
804 1650 1007 1700 miseroque
1026 1651 1204 1696 tumultu,

173 1719 356 1757 Miscetur
373 1734 383 1764 3
413 1718 630 1768 penitusque
661 1731 768 1754 cavae
789 1717 1025 1768 plangoribus
1045 1718 1149 1755 aedes

173 1786 353 1823 Femineis
374 1784 512 1822 ululant
531 1800 540 1822 :
572 1784 656 1822 ferit
685 1798 791 1822 aurea
811 1785 926 1821 sidera
945 1784 1093 1822 clamor.

171 1853 274 1890 Tum
294 1851 443 1902 pavidae
463 1852 572 1889 tectis
591 1861 722 1889 matres
741 1851 949 1903 ingentibus
969 1860 1102 1895 errant,

169 1918 454 1970 Amplexaeque
473 1928 599 1956 tenent
619 1927 755 1969 postes,
777 1927 888 1968 atque
908 1917 1032 1955 oscula
1051 1918 1184 1969 figunt.

169 1988 286 2025 Instat
308 1986 341 2022 vi
363 1985 480 2035 patria
501 1985 664 2035 Pyrrhus
683 2001 693 2030 ;
723 1998 788 2022 nec
808 1983 980 2028 claustra,
999 1998 1114 2034 neque
1129 1984 1198 2034 ipsi

167 2053 350 2092 Custodes
371 2052 519 2090 sufferre
538 2052 657 2089 valent
675 2067 684 2088 :
715 2051 813 2090 labat
832 2051 942 2089 ariete
962 2052 1092 2089 crebro

167 2119 296 2162 Janua,
315 2129 353 2157 et
372 2119 483 2156 emoti
503 2120 749 2170 procumbunt
770 2118 912 2155 cardine
933 2129 1068 2168 postes.

166 2185 228 2236 'fit
249 2187 304 2224 via
323 2186 380 2225 vi:
411 2197 587 2238 rumpunt
607 2186 741 2232 aditus,
770 2185 982 2236 primosque
1004 2184 1191 2232 trucidant
