1493 2605
223 315 302 351 210
518 312 822 351 AENEIDOS
880 312 952 350 1V.
1136 326 1170 350 v.
1187 313 1278 352 215.

227 425 280 463 Et
301 437 394 461 nunc
416 423 474 460 ille
495 423 609 467 Paris,
635 437 718 460 cum
740 423 906 460 semiviro
926 422 1120 467 comitatu,

225 492 398 530 Maeonia
416 500 577 528 mentum
598 490 719 533 mitra,
749 489 956 540 crinemque
977 491 1198 536 madentem,

226 559 427 602 Subnixus‚
455 567 562 607 rapto
582 557 726 606 potitur
743 571 752 594 ε
784 570 848 593 nos
868 569 1018 594 munera
1036 557 1182 608 templis

225 625 381 675 Quippe
401 623 473 660 tuis
493 621 653 667 ferimus,
681 622 886 673 famamque
914 622 1078 660 fovemus
1096 623 1252 662 inanem.

277 690 436 728 Talibus
455 699 618 727 orantem
638 689 759 734 dictis,
789 703 939 739 arasque
960 698 1159 734 tenentem,

225 757 362 796 Audiit
382 757 628 806 omnipoten8‚
648 755 848 805 oculosque
868 755 914 792 ad
933 756 1073 793 moenia
1092 756 1201 793 torsit

228 825 361 876 Regia,
380 833 418 861 et
440 823 576 860 oblitos
596 821 712 859 famae
732 821 888 859 melioris
908 823 1074 860 amantis.
1104 822 1109 826 ”

225 891 327 930 Tum
347 890 398 928 sic
421 889 648 927 Mercurium
669 888 880 939 alloquitur,
901 902 942 925 ac
962 888 1048 926 talia
1066 888 1239 927 mandat:

224 958 329 996 Vade
349 971 430 1009 age,
450 966 548 1001 nate,
577 970 666 993 voca
687 956 899 1006 Zephyros,
919 965 958 992 et
977 954 1098 992 labere
1122 955 1248 1005 pennis
1267 971 1278 1001 ς

223 1023 525 1072 Dardaniumque
544 1022 689 1068 ducem,
705 1022 823 1072 Tyria
836 1021 1062 1073 Carthagine
1077 1021 1140 1072 qui
1157 1034 1253 1060 nunc

224 1090 446 1140 Exspectat,
474 1088 633 1139 fatisque
653 1088 757 1126 datas
777 1102 849 1125 non
870 1088 1018 1138 respicit
1039 1088 1153 1132 urbis,

222 1156 443 1206 Alloquere,
471 1164 508 1192 et
527 1155 652 1192 celeris
671 1154 773 1193 defer
792 1168 870 1192 mea
890 1155 988 1192 dicta
1007 1168 1072 1205 per
1090 1167 1208 1192 auras.

217 1224 304 1262 Non
324 1223 427 1259 illum
447 1222 551 1260 nobis
570 1222 737 1273 genetrix
758 1221 1001 1272 pulcherrima
1020 1219 1131 1258 talem

225 1289 412 1333 Promisit,
434 1289 662 1339 Graiumque
682 1289 764 1326 ideo
785 1288 840 1326 bis
860 1288 1017 1325 vindicat
1037 1286 1142 1325 armis
1159 1302 1169 1325 :

225 1356 299 1395 Sed
311 1355 403 1400 fore,
411 1355 486 1406 qui,
494 1355 680 1407 gravidam
693 1353 1042 1405 imperiis,belloque
1054 1352 1280 1399 frementem,

224 1422 368 1460 Italiam
388 1432 545 1472 regeret,
567 1435 683 1472 genus
702 1421 778 1458 alto
799 1435 819 1458 a
839 1420 1012 1472 sanguine
1032 1419 1172 1457 Teucri

224 1489 416 1533 Proderet,
435 1502 476 1525 ac
497 1497 618 1525 totum
639 1488 705 1525 sub
725 1488 825 1539 leges
846 1487 1009 1525 mitteret
1029 1487 1168 1525 orbem.

223 1555 264 1593 Si
284 1554 380 1592 nulla
399 1554 564 1592 accendit
584 1563 766 1590 tantarum
788 1553 905 1605 gloria
925 1566 1058 1597 rerum,

222 1622 303 1661 Nec
324 1635 433 1671 super
450 1621 528 1670 ipse
548 1633 612 1657 sua
631 1619 782 1656 molitur
800 1619 906 1656 laude
925 1619 1086 1656 laborem
1105 1634 1116 1665 ;

219 1689 432 1727 Ascanione
451 1696 555 1738 pater
577 1687 760 1724 Romanas
779 1686 914 1723 invidet
933 1687 1058 1724 arces?

226 1757 329 1807 Quid
340 1756 448 1794 struit
465 1757 478 1793 ἓ
506 1763 569 1792 aut
589 1768 661 1805 qua
680 1769 743 1805 spe
759 1753 904 1791 inimica
923 1753 958 1790 in
974 1762 1083 1805 gente
1103 1763 1278 1801 moratur,

223 1824 303 1862 Nec
321 1822 461 1873 prolem
481 1822 684 1860 Ausoniam
705 1830 743 1859 et
764 1821 919 1859 Lavinia
937 1820 1087 1870 respicit
1107 1833 1189 1857 arva
1208 1821 1221 1858 ?

221 1890 397 1941 Naviget.
429 1889 537 1927 Haec
554 1902 691 1926 summa
705 1897 760 1926 est
775 1903 785 1926 ε
807 1888 866 1925 hic
883 1888 997 1925 nostri
1013 1887 1162 1925 nuntius
1176 1896 1269 1926 esto.

277 1956 463 1994 Dixerat:
493 1955 551 1993 ille
572 1955 686 2005 patris
705 1956 829 2006 magni
847 1968 973 2005 parere
992 1954 1144 2005 parabat

224 2024 410 2074 Imperio;
439 2032 477 2060 et
497 2022 653 2073 primum
673 2022 827 2074 pedibus
856 2021 982 2059 talaria
1001 2022 1116 2059 nectit

222 2091 366 2133 Aurea,
386 2102 478 2139 quae
498 2088 686 2126 sublimem
705 2088 782 2132 alis,
803 2087 875 2125 sive
895 2100 1052 2137 aequora
1071 2099 1195 2137 supra,

224 2156 297 2193 Seu
317 2164 463 2200 terram,
492 2156 618 2206 rapido
638 2155 774 2206 pariter
792 2168 876 2192 cum
896 2153 1040 2191 flamine
1059 2161 1223 2203 portant.

219 2221 322 2260 Tum
341 2223 480 2274 virgam
501 2223 600 2274 capit
619 2238 628 2262 :
661 2222 729 2262 hac
758 2222 892 2261 animas
912 2220 970 2260 ille
990 2230 1122 2260 evocat
1141 2220 1246 2261 Orco
