1493 2605
227 267 262 290 v.
287 255 348 291 19.
501 249 849 289 GEORGICON
915 248 990 287 IV.
1222 252 1278 290 99

222 363 378 406 Adsint‚
397 370 435 399 et
453 361 584 405 tenuis,
613 359 755 412 fugiens
775 374 839 411 per
857 359 1032 412 gramina,
1053 359 1147 397 rivus
1165 375 1175 398 z

223 428 419 478 Palmaque
435 427 653 465 vestibulum
668 436 730 464 aut
747 427 872 478 ingens
892 426 1045 464 oleaster
1061 427 1241 466 inumbret
1255 443 1269 475 ς

225 496 297 539 Ut,
318 508 430 544 quum
450 494 564 544 prima
584 494 666 531 novi
685 494 820 531 ducent
839 493 1000 531 examina
1019 506 1123 545 reges

221 562 319 598 Vere
339 575 416 604 suo,
442 560 618 610 ludetque
636 560 724 597 favis
743 560 868 597 emissa
881 563 1067 612 juventus,

222 628 354 666 Vicina
374 627 501 664 invitet
523 627 696 664 decedere
716 627 794 676 ripa
813 627 935 671 calori,

219 694 416 744 *Obviaque
439 693 605 743 hospitiis
629 701 748 729 teneat
770 691 1021 731 frondentibus
1044 695 1163 732 arbos.

274 761 318 797 In
340 760 509 802 medium,
531 773 592 796 seu
613 759 724 796 stabit
738 759 845 801 inem,
866 773 928 796 seu
948 760 1106 810 profluet
1123 762 1271 809 humor,

220 826 457 864 Trans-,versas
477 826 600 863 salices
619 835 656 863 et
675 826 825 877 grandia
843 826 980 877 conjice
999 840 1081 864 saxa
1097 843 1108 872 3

219 893 400 930 Pontibus
420 902 460 930 ut
480 893 614 930 crebris
637 892 774 942 possint
794 892 1002 937 consistere,
1030 903 1067 931 et
1087 894 1160 933 alas

219 960 380 997 Pandere
399 960 444 996 ad
462 959 634 996 aestivum
654 958 778 1002 solem,
800 957 828 994 si
848 957 943 995 forte
962 960 1134 998 morantis

220 1026 412 1075 Sparserit‚
434 1035 496 1062 aut
515 1039 687 1075 praeceps
709 1026 883 1074 Neptuno
898 1025 1107 1064 immerserit
1131 1027 1267 1067 Eurus.

218 1092 326 1129 Haec
347 1093 483 1129 circum
502 1092 614 1129 casiae
635 1092 774 1135 virides,
793 1101 831 1128 et
850 1090 985 1128 olentia
1004 1091 1075 1129 late
1132 1121 1135 1123 >

220 1158 400 1208 Serpylla‚
429 1168 466 1196 et
485 1159 642 1209 graviter
661 1158 826 1208 spirantis
846 1158 950 1209 copia
968 1159 1161 1208 thymbrae

220 1224 378 1269 Floreat,
403 1225 652 1276 irriguumque
672 1226 797 1262 bibant
817 1225 961 1261 violaria
980 1224 1133 1263 fontem.

274 1292 359 1341 Ipsa
378 1301 511 1336 autem,
532 1305 593 1328 seu
612 1291 809 1329 corticibus
823 1291 890 1329 tibi
910 1302 991 1329 suta
1010 1293 1158 1338 cavatis,

219 1359 291 1397 Seu
312 1359 410 1396 lento
426 1359 558 1396 fuerint
577 1359 724 1395 alvearia
739 1359 866 1395 vimine
886 1367 1002 1403 texta,

219 1426 419 1477 Angustos
447 1426 603 1463 habeant
622 1426 741 1462 aditus
759 1441 769 1470 ς
800 1439 881 1462 nam
901 1425 1038 1477 frigore
1059 1425 1163 1463 mella

218 1493 334 1543 Cogit
354 1492 479 1535 hiems,
509 1492 704 1542 eademque
724 1493 822 1529 calor
840 1491 1036 1542 liquefacta
1055 1492 1221 1531 remittit.

217 1560 388 1610 Utraque
408 1560 458 1596 vis
478 1560 604 1609 apibus
625 1560 759 1608 pariter
779 1559 969 1596 metuenda
986 1575 997 1604 3
1026 1573 1142 1610 neque
1162 1559 1243 1597 illae

218 1625 482 1675 Nequidquam
501 1626 536 1661 in
556 1625 664 1662 tectis
683 1626 849 1662 certatim
869 1627 988 1662 tenuia
1008 1639 1090 1663 cera

218 1694 446 1743 Spiramenta
458 1692 590 1736 linunt,
611 1691 770 1741 fucoque
789 1704 826 1728 et
846 1692 994 1729 floribus
1014 1706 1094 1730 oras

218 1759 396 1809 Explent‚
416 1758 683 1809 collectumque
703 1759 791 1795 haec
811 1759 887 1807 ipsa
902 1759 945 1795 ad
962 1773 1107 1796 munera
1124 1758 1267 1810 gluten,

218 1826 272 1863 Et
293 1826 390 1862 visco
411 1835 448 1862 et
471 1825 667 1876 Phrygiae,
690 1835 843 1868 servant,
864 1826 943 1875 pice
958 1825 1089 1862 lentius
1110 1826 1210 1864 ldae.

217 1893 334 1942 Saepe
353 1892 461 1929 etiam
481 1891 632 1934 effossis,
648 1892 675 1928 si
693 1906 774 1929 vera
790 1901 844 1929 est
862 1891 970 1935 fama,
989 1892 1136 1929 latebris

217 1959 294 1997 Sub
313 1967 410 1995 terra
428 1958 549 1995 fovere
568 1958 678 1995 larem
698 1959 912 2008 penitusque
932 1969 1095 2008 repertae

216 2024 499 2076 Pumicibusque
519 2026 626 2070 cavis,
645 2039 843 2076 exesaeque
862 2025 997 2062 arboris
1015 2034 1133 2062 antro.

216 2090 281 2129 Tu
296 2101 416 2129 tamen
435 2106 454 2129 e
473 2092 540 2129 levi
559 2093 691 2130 rimosa
710 2092 840 2130 cubilia
860 2092 945 2129 limo

217 2158 370 2211 Ungue,
390 2158 513 2198 fovens
531 2159 681 2205 circum,
695 2169 733 2197 et
752 2173 848 2197 raras
867 2172 975 2210 super
991 2158 1096 2212 injice
1111 2157 1264 2197 frondis.

699 2226 737 2264 N
766 2228 792 2264 2
