1493 2605
280 311 355 349 194
530 320 540 328 “
570 306 872 347 AENEIDOS
931 307 1012 345 111.
1189 324 1223 348 v.
1244 313 1335 350 494.

279 424 360 460 Jam
381 436 442 460 sua
460 436 468 460 :
501 435 565 458 nos
585 421 651 458 alia
671 435 715 458 cx
736 421 812 457 aliis
840 420 874 456 in
895 419 969 458 fata
990 433 1174 458 vocamur.

279 490 398 528 Vobis
419 499 523 539 parta
543 488 646 539 quies
663 503 672 525 :
703 486 842 524 nullum
858 487 963 524 maris
983 501 1119 538 aequor
1137 488 1309 526 arandum
1318 496 1336 535 ’ς

280 557 385 595 Arva
406 569 522 606 neque
543 554 747 598 Ausoniae,
776 567 916 604 semper
934 555 1099 592 cedentia
1117 565 1230 600 retro,

281 623 510 675 Quaerenda.
544 620 717 673 Effigiem
740 621 882 658 Xanthi
910 620 1135 672 Trojamque
1155 622 1298 667 videtis,

281 693 403 742 Quam
425 699 561 727 vestrae
581 688 699 726 fecere
730 701 880 733 manus;
909 688 1132 734 melioribus,
1151 700 1258 741 opto,

280 758 487 808 Auspiciis,
516 765 551 794 et
573 769 664 806 quae
685 754 795 792 fuerit
816 754 931 792 minus
950 756 1057 793 obvia
1080 755 1215 795 Graiis.

283 826 321 864 Si
343 824 490 876 quando
509 823 709 873 Thybrim,
730 822 918 872 vicinaque
937 822 1142 873 Thybridis
1161 837 1257 869 arva,

281 893 442 935 Intraro‚
464 890 639 942 gentique
661 903 760 926 meae
779 889 865 926 data
885 890 1025 927 moenia
1043 904 1187 927 cernam
1201 906 1223 937 ;¹

282 959 472 1010 Cognatas
491 957 591 995 urbis
611 956 710 1002 olim,
740 956 973 1007 populosque
993 957 1231 1009 propinquos,

281 1027 412 1078 Epiro,
435 1024 630 1075 Hesperia,
663 1024 818 1077 (quibus
836 1023 930 1060 idem
952 1024 1149 1062 Dardanus
1167 1034 1310 1071 auctor,

280 1095 414 1143 Atque
435 1092 527 1129 idern
550 1091 676 1143 casus)
700 1105 807 1128 unam
827 1090 1001 1129 faciemus
1020 1101 1213 1142 utramque

279 1160 431 1212 Trojarn
452 1159 577 1196 animis
595 1175 605 1197 :
629 1168 771 1196 mancat
791 1168 935 1196 nostros
953 1173 995 1196 ea
1015 1173 1101 1196 cura
1121 1168 1283 1210 nepotes.

334 1227 576 1265 Provehimur
594 1227 727 1278 pelago
748 1226 863 1264 vicina
883 1227 1061 1265 Ceraunia
1077 1229 1184 1279 juxta
1200 1243 1211 1273 ;

280 1297 392 1335 Unde
411 1296 481 1333 iter
503 1295 660 1339 Italiam,
681 1308 883 1344 cursusque
903 1294 1132 1332 brevissimus
1152 1295 1268 1335 undis.

281 1363 346 1402 Sol
367 1363 438 1399 ruit
459 1362 609 1406 interea,
629 1371 667 1399 ct
687 1371 829 1399 montes
849 1362 1065 1399 umbrantur
1083 1362 1203 1411 opaci.

282 1429 485 1468 Sternimur
503 1438 654 1478 optatae
675 1428 813 1480 gremio
833 1429 972 1466 telluris
991 1429 1036 1466 ad
1057 1429 1203 1475 undam,

281 1496 412 1537 Sortiti
434 1509 564 1540 remos,
584 1496 790 1546 passimque
810 1495 844 1532 in
865 1494 989 1532 littore
1009 1495 1106 1533 sicco

278 1566 444 1614 Corpora
466 1575 659 1601 curamus:
692 1562 805 1600 fessos
826 1576 937 1612 sopor
955 1563 1083 1614 irrigat
1103 1574 1215 1601 artus.

279 1631 450 1670 Necdum
470 1630 595 1667 orbem
615 1629 774 1666 medium
796 1629 883 1667 Nox
903 1629 1002 1666 horis
1021 1639 1102 1666 acta
1122 1630 1266 1669 subibat
1285 1646 1294 1669 ε

280 1698 398 1736 Haud
418 1698 540 1749 segnis
559 1705 681 1734 strato·
696 1695 815 1747 surgit
832 1695 1039 1742 Palinurus,
1058 1705 1096 1734 et
1115 1698 1231 1735 omnis

280 1765 467 1815 Explorat
487 1774 629 1809 ventos,
658 1773 769 1814 atque
789 1764 936 1801 auribus
956 1766 1038 1802 a'c'ra
1057 1773 1181 1815 captat
1200 1779 1209 1803 ς

283 1832 411 1871 Sidera
432 1840 565 1869 cuncta
585 1840 689 1869 notat
710 1831 824 1868 tacito
844 1831 1002 1868 labentia
1020 1831 1123 1868 coelo
1140 1846 1149 1870 ε

277 1896 722 1948 Arcturum,pluviasque
737 1896 1154 1947 Hyada8,gemiuosque
1167 1895 1338 1942 Triones,

278 1967 555 2015 Armatumque
575 1978 662 2001 auro
683 1963 933 2013 circumspicit
955 1963 1108 2002 Oriona.

279 2033 480 2083 Postquam
500 2040 634 2068 cuncta
653 2030 750 2068 videt
771 2030 875 2068 coelo
895 2039 1061 2068 constare
1082 2044 1221 2076 screno,

279 2100 359 2138 Dat
380 2099 517 2136 clarum
537 2112 556 2135 e
576 2098 695 2149 puppi
716 2098 860 2150 signum
877 2114 887 2143 ;
916 2111 982 2135 nos
1001 2106 1120 2134 castra
1139 2111 1337 2143 movemus,

278 2165 556 2216 Tentamusque
575 2165 682 2210 viam,
701 2174 738 2203 et
758 2165 919 2203 velorum
935 2163 1125 2215 pandimus
1144 2164 1230 2204 alas.

332 2234 487 2284 Jamque
508 2233 724 2271 rubescebat
745 2231 855 2271 stellis
877 2233 1028 2270 Aurora
1046 2230 1195 2282 fugatis,

1488 2491 1493 2509 av
1482 2335 1493 2478 .-m-..s
1485 2285 1493 2326 *4
1490 2268 1493 2277 -
