1493 2605
232 284 306 322 ιω
485 281 855 332 ,οΕοκοῙΟΟΝ
911 281 984 318 1v.
1133 294 1165 318 v.
1182 282 1273 320 494.

228 393 311 438 Illa,
340 394 434 443 Quis
453 403 489 431 et
511 408 578 439 me,
607 393 740 444 inquit,
771 393 949 437 miseram,
979 400 1016 429 et
1035 399 1073 428 tc
1103 390 1274 441 perdidit,

334 462 504 511 Orphcu,

227 529 321 578 Quis
342 539 464 566 tantus
485 527 615 565 furor?
672 527 731 564 En
752 529 760 564 Ξ
793 527 923 564 iterum
943 526 1103 564 crudelia
1122 535 1220 564 retro

226 594 320 632 Fata
340 603 482 638 vocant,
513 594 712 643 conditque
732 594 892 630 natantia
910 592 1042 629 lumina
1061 605 1218 630 somnus.

222 663 377 711 Jamque
397 661 485 699 vale.
544 661 657 698 Feror
675 660 815 711 ingenti
835 659 1057 696 circumdata
1076 669 1195 705 nocte,

224 727 479 777 Invalidasque
499 727 566 763 tibi
586 726 749 769 tendens,
779 726 846 762 heu
867 728 875 763 !
909 739 978 762 non
1000 736 1077 770 tua,
1098 726 1245 776 palmas.

221 794 346 837 Dixit,
366 803 403 831 et
422 807 466 830 ex
487 793 601 830 oculis
620 793 755 835 subito,
783 806 850 829 ceu
871 792 991 830 fumus
1010 792 1045 830 in
1065 806 1168 830 auras

220 860 454 898 Commixtus
474 860 606 901 tenuis,
627 859 725 909 fugit
746 859 882 896 diversa
900 874 910 903 3
940 873 1056 909 neque
1075 859 1191 903 illum,

220 927 453 964 Prensantem
468 926 712 977 nequidquam
730 927 886 969 umbras,
905 935 943 962 et
959 925 1073 962 multa
1093 924 1271 964 volentem

218 993 370 1036 Dicere,
389 1002 577 1042 praeterea
596 991 685 1029 vidit
705 1008 715 1036 ;
745 1006 811 1029 nec
831 991 989 1042 portitor
1010 992 1101 1029 Orci

220 1058 395 1108 Amplius
414 1060 593 1111 objectam
615 1073 739 1108 passus
759 1059 910 1096 transire
929 1058 1110 1109 paludem.

218 1125 322 1174 Quid
342 1124 476 1162 faceret
494 1126 506 1162 ?
526 1139 600 1175 quo
621 1139 671 1169 se,
693 1134 795 1175 rapta
814 1125 868 1162 bis
888 1127 1057 1176 conjuge,
1078 1124 1217 1163 ferret?

217 1193 306 1241 Quo
327 1192 415 1229 fietu
438 1191 572 1237 Manis,
594 1206 666 1243 qua
685 1193 829 1229 numina
848 1206 937 1229 voce
958 1200 1119 1229 moveret
1138 1192 1151 1230 ἓ

217 1257 287 1294 Illa
307 1257 453 1308 quidem
475 1259 607 1309 Stygia
623 1259 729 1296 nabat
745 1261 818 1310 jam
837 1258 971 1309 frigida
989 1258 1135 1308 cymba.

217 1325 369 1374 Septem
388 1324 489 1362 illum
510 1334 610 1362 totos
631 1325 823 1375 perhibent
842 1339 885 1362 ex
907 1325 1032 1362 ordine
1055 1324 1198 1369 mensis,

217 1391 327 1442 Rupe
348 1392 414 1429 sub
435 1392 543 1436 aeria,
573 1393 704 1429 deserti
725 1393 770 1430 ad
793 1391 998 1442 Strymonis
1015 1391 1160 1433 undam,

215 1458 387 1503 Flevisse,
407 1467 445 1496 et
466 1459 593 1509 gelidis
614 1459 700 1496 haec
721 1459 891 1496 evolvisse
914 1459 979 1495 sub
1000 1458 1123 1503 antris,

213 1525 442 1564 Mulcentem
462 1526 582 1577 tigriS,
609 1536 646 1563 et
666 1535 834 1577 agentem
854 1525 1007 1563 carmine
1027 1538 1183 1575 quercus
1200 1540 1211 1563 ι

212 1592 341 1642 Qualis
361 1591 517 1643 populea
536 1606 699 1629 moerens
729 1592 929 1630 Philomela
948 1591 1014 1628 sub
1034 1591 1160 1627 umbra

210 1659 382 1696 Amissos
403 1659 568 1709 queritur
587 1657 698 1701 fetus,
719 1671 810 1708 quos
830 1658 941 1694 durus
961 1665 1091 1694 arator

212 1726 421 1763 Observans
441 1725 527 1762 nido
547 1724 729 1774 implumis
748 1725 906 1762 detraxit
925 1739 935 1770 ;
964 1733 1002 1761 at
1021 1723 1082 1761 illa

211 1792 294 1830 Flet
314 1802 474 1836 noctem,
495 1805 668 1841 ramoque
688 1790 813 1828 sedens
833 1790 1033 1828 miserabile
1052 1804 1193 1828 carmen

211 1860 396 1910 Integrat,
415 1868 454 1895 et
473 1858 621 1895 moestis
639 1857 712 1894 late
731 1857 811 1895 loca
831 1858 1018 1908 questibus
1037 1857 1178 1908 implet.

209 1925 323 1963 Nulla
342 1927 481 1969 Venus,
503 1939 572 1961 non
595 1923 656 1961 ulli
677 1923 833 1961 animum
854 1924 985 1961 flexere
1005 1924 1227 1973 Hymenaei.

210 1992 319 2030 Solus
340 1992 605 2042 Hyperboreas
625 1990 772 2042 glacies,
797 1990 1024 2041 Tanaimque
1044 1990 1208 2037 nivalem,

208 2059 387 2108 Arvaque
411 2057 583 2108 Rhipaeis
602 2071 798 2107 numquam
818 2057 966 2094 viduata
988 2058 1137 2107 pruinis,

208 2125 427 2169 Lustrabat,
453 2134 594 2174 raptam
616 2123 827 2174 Eurydicen
846 2133 958 2174 atque
977 2125 1076 2162 irrita
1100 2125 1203 2164 Ditis

206 2191 320 2229 Dona
332 2205 501 2242 querens:
523 2200 665 2243 spretae
678 2191 857 2230 Ciconum
871 2205 944 2242 quo
958 2205 1103 2241 munere
1115 2200 1260 2247 matres,
