1493 2605
167 322 201 351 v.
224 313 308 352 1592
478 306 780 350 AENEIDOS
840 308 896 350 ΙΙ.
1144 310 1219 352 153

165 425 204 462 Si
224 439 296 475 qua
315 434 446 475 tegunt
463 439 475 469 3
503 434 631 461 teneor
649 424 784 474 patriae
805 438 870 461 nec
890 423 1032 476 legibus
1053 416 1147 463 ullis'.

163 491 226 528 Tu
247 492 356 528 modo
376 482 561 541 promissis
580 503 734 534 maneas,
764 500 974 541 servataque
994 504 1124 535 serves,

162 557 292 609 Troja,
313 558 420 594 fidem
439 574 449 603 ;
480 558 507 594 si
528 570 609 594 vera
630 557 756 601 feram,
785 557 813 593 si
832 570 962 608 magna
981 558 1187 607 rependam.

215 625 346 662 Omnis
367 639 447 675 spes
468 626 652 668 Danaum,
682 633 719 660 et
739 624 862 675 coepti
877 624 1008 662 fiducia
1026 624 1112 662 belli

164 690 319 728 Palladis
340 691 479 728 auxiliis
500 705 640 740 semper
659 690 774 727 stetit.
833 691 973 741 Impius
991 705 1036 729 ex
1058 705 1133 741 quo

160 756 327 806 Tydides
347 757 408 794 sed
427 757 536 800 enim,
566 756 812 807 scelerumque
834 757 1012 802 inventor,
1041 757 1187 803 Ulixes,

162 822 288 860 Fatale
308 824 472 874 aggressi
494 832 633 860 sacrato
654 823 804 860 avellere
823 823 961 874 templo

163 889 380 934 Palladium,
410 891 521 926 caesis
542 903 700 927 summae
717 890 932 928 custodibus
951 891 1056 935 arcis,

160 956 378 1005 Corripuere
398 969 535 992 sacram
555 955 728 1007 effigiem,
757 957 995 1007 manibusque
1014 956 1171 994 cruentis

161 1022 354 1072 Virgineas
373 1022 450 1059 ausi
468 1023 571 1059 divae
590 1024 805 1075 contingere
825 1023 932 1061 vittas
950 1040 961 1069 ;

162 1089 222 1125 Ex
244 1088 305 1125 illo
326 1089 437 1125 ssuere
457 1103 498 1126 ac
519 1099 616 1126 retro
637 1090 803 1140 sublapsa
829 1090 951 1127 referri

163 1154 256 1203 Spes
276 1155 461 1200 Danaum,
490 1155 627 1194 fractae
647 1157 751 1201 vires,
781 1170 902 1194 aversa
915 1156 1002 1194 deae
1021 1169 1134 1196 menS.

199 1235 238 1257 ec
258 1221 376 1258 dubiis
396 1235 436 1258 ea
456 1222 558 1273 signa
578 1223 679 1260 dedit
699 1223 870 1260 Tritonia
898 1223 1092 1260 monstris(

158 1288 231 1325 Vix
252 1288 413 1337 positum
432 1289 558 1325 castris
579 1288 808 1326 simulacrum
826 1304 835 1327 :
867 1303 984 1327 arsere
1003 1303 1174 1327 coruscae

159 1354 378 1391 Luminibus
400 1354 562 1392 flammae
583 1355 744 1399 arrectis,
773 1355 956 1406 salsusque
975 1369 1040 1406 per
1058 1365 1158 1393 artus

157 1421 279 1457 Sudor
298 1420 338 1457 iit
355 1437 366 1466 ;
395 1430 524 1471 terque
544 1421 622 1472 ipsa
642 1421 734 1466 solo,
762 1422 924 1459 mirabile
943 1422 1046 1459 dictu
1062 1424 1070 1460 !

158 1487 335 1531 Emicuit,
356 1501 590 1538 parmamque
602 1487 733 1535 ferens,
749 1489 966 1539 hastamque
981 1492 1207 1528 trementem.

157 1554 359 1604 Extemplo
379 1555 551 1592 tentanda
571 1555 661 1607 fuga
681 1559 779 1593 canit
800 1570 958 1607 aequora
973 1556 1154 1602 Calchas;

157 1621 235 1659 Nec
256 1635 361 1670 posse
381 1621 575 1672 Argolicis
595 1623 757 1659 exscindi
780 1624 959 1674 Pergama
977 1623 1072 1668 telis,

155 1688 288 1725 Omina
308 1688 342 1724 ni
362 1697 527 1738 repetant
547 1689 679 1739 Argis,
708 1703 913 1739 numenque
940 1690 1128 1734 reducant,

155 1755 270 1803 Quod
290 1754 421 1806 pelago
440 1763 477 1791 et
497 1755 616 1791 curvis
637 1769 757 1791 seeum
778 1769 926 1793 avexere
946 1756 1088 1794 carinis.

154 1821 206 1858 Et
227 1834 334 1864 nunc,
364 1821 464 1870 quod
483 1822 617 1870 patrias
637 1832 745 1859 vento
776 1822 913 1872 petiere
934 1822 1125 1872 Mycenas,

152 1888 273 1923 Arma
293 1886 452 1936 deosque
472 1897 598 1938 parant
618 1889 783 1932 comites,
814 1888 1017 1940 pelagoque
1045 1903 1206 1927 remenso

156 1953 347 2002 Improvisi
363 1954 516 1993 aderunt
534 1969 544 1992 :
574 1954 625 1991 ita
645 1955 777 2006 digerit
792 1955 911 1991 omina
930 1955 1097 1994 Calchas.

155 2019 266 2056 Hanc
287 2034 353 2069 pro
376 2020 553 2066 Palladio,
582 2022 725 2066 moniti,
754 2036 823 2072 pro
854 2022 998 2059 numine
1019 2021 1128 2070 laeso,

154 2085 329 2137 Effigiem
348 2095 532 2133 statuere;
561 2087 662 2125 nefas
683 2102 775 2138 quae
795 2088 898 2126 triste
917 2089 1046 2138 piaret.

155 2151 268 2188 Hanc
288 2161 407 2190 tamen
427 2153 635 2192 immensam
656 2154 810 2203 Calchas
839 2154 1004 2193 attollere
1023 2155 1153 2194 molem

157 2218 371 2256 Roboribus
392 2220 516 2266 textis,
544 2221 720 2272 coeloque
741 2222 910 2268 educere,
924 2222 1031 2275 jussit
1049 2237 1062 2268 5

210 2285 327 2323 Toni.
359 2287 392 2324 1.
678 2289 719 2327 U
