1493 2605
243 278 316 323 104
481 283 853 332 ‚GEORGICON
912 279 983 324 ιν.
1147 301 1180 324 v.
1201 289 1289 326 1591

235 395 466 433 Exercentur
484 397 578 447 agris
597 412 605 434 :
639 410 720 446 pars
740 397 833 434 intra
853 407 954 448 septa
973 398 1164 436 domorum

232 461 390 500 Narcissi
412 463 605 506 lacrimam,
625 473 661 500 et
682 462 818 500 lentum
839 464 884 501 de
903 464 1037 502 cortice
1057 464 1200 516 gluten,

233 527 355 566 Prima
375 529 463 566 favis
483 539 622 579 ponunt
644 529 865 581 fundamina,
885 531 1012 568 deinde
1031 532 1166 570 tenacis

235 596 470 645 Suspendunt
490 610 614 641 ceras;
639 597 740 641 aliae,
761 611 861 647 spem
880 599 1013 649 gentis,
1032 598 1177 636 adultos

233 662 412 699 Educunt
434 661 528 699 fetus
546 678 556 707 ς
586 662 673 700 aliae
693 663 881 713 purissima
902 664 1006 701 mella

232 729 392 778 Stipant,
412 738 448 766 et
468 729 606 780 liquido
625 730 834 768 distendunt
856 740 999 769 nectare
1018 732 1137 771 cellas.

228 797 324 834 Sunt
344 796 474 846 quibus
494 797 537 834 ad
569 806 692 847 portas
711 797 843 835 cecidit
865 798 1030 836 custodia
1057 800 1143 837 sorti
1163 815 1173 844 ;

229 863 348 912 Inque
367 863 480 900 vicem
500 864 731 914 speculantur
750 876 917 914 aquas‘et
938 865 1059 902 nubila
1079 864 1171 904 coeli
1189 881 1200 911 3

225 929 311 967 Aut
331 943 439 966 onera
459 930 641 980 accipiunt
664 931 883 975 venientum,
907 940 983 975 aut,
1003 931 1145 983 agmine
1164 932 1285 977 facto5

225 994 420 1045 Ignavum,
441 995 558 1039 fucos,
579 1011 691 1046 pecus
710 1011 729 1034 a
750 998 983 1048 praesepibus
1002 1008 1123 1036 arcent
1143 1013 1152 1036 ε

226 1062 359 1100 Fervet
375 1077 481 1113 opus,
509 1063 746 1114 redolentque
766 1065 896 1114 thymo
916 1064 1113 1116 fragrantia
1131 1065 1248 1104 mella.

223 1130 289 1167 Ac
311 1129 436 1173 veluti,
454 1130 561 1167 lentis
581 1131 767 1182 Cyclopes
788 1131 939 1169 fulmina
961 1132 1082 1170 massis

224 1198 350 1246 Quum
371 1207 578 1248 properant,
599 1198 657 1234 alii
676 1193 827 1236 taurinis
848 1198 994 1236 follibus
1014 1213 1117 1237 auras

222 1264 428 1315 Accipiunt
449 1265 690 1314 redduntque,
711 1264 770 1302 alii
785 1265 973 1303 stridentia
992 1266 1169 1317 tinguunt

221 1331 326 1368 Aera
346 1331 452 1374 lacu;
481 1331 596 1383 gemit
615 1331 791 1382 impositis
811 1331 1001 1370 incudibus
1021 1332 1173 1371 Aetna:

223 1397 283 1435 Illi
303 1397 396 1434 inter
415 1411 489 1435 sese
509 1411 638 1449 magna
654 1399 685 1435 vi
705 1399 852 1436 brachia
871 1398 1007 1436 tollunt

228 1465 274 1501 In
293 1479 490 1509 numerum,
511 1474 725 1515 versantque
745 1466 862 1503 tenaci
882 1465 1021 1516 forcipe
1041 1466 1174 1504 ferrum
1189 1482 1202 1506 ε·

220 1531 307 1569 Νοη
327 1531 441 1577 aliter,
462 1532 489 1569 si
509 1545 617 1582 parva
635 1531 721 1569 licet
741 1546 959 1582 componere
977 1533 1130 1585 magnis,

220 1600 418 1650 Cecropias
436 1599 580 1636 innatus
599 1612 683 1649 apes
703 1612 804 1635 amor
824 1608 956 1650 urguet
976 1600 1148 1647 habendi,

219 1666 374 1704 Munere
393 1680 574 1717 quamque
594 1680 672 1704 suo.
730 1667 954 1706 Grandaevis
973 1667 1111 1718 oppida
1131 1682 1252 1714 curae,

219 1733 275 1771 Et
296 1732 434 1770 munire
453 1733 566 1777 favos,
587 1742 624 1770 et
644 1733 791 1770 daedala
811 1734 946 1785 fingere
965 1742 1063 1772 tecta
1080 1751 1090 1773 :

218 1801 278 1838 At
298 1800 409 1838 fessae
427 1800 542 1838 multa
561 1800 719 1838 referunt
739 1814 776 1838 se
795 1811 902 1838 nocte
921 1802 1088 1847 minores,

216 1867 334 1905 Crura
352 1867 483 1917 thymo
511 1866 637 1917 plenae
655 1882 666 1911 ς
695 1876 895 1917 pascuntur
912 1878 950 1905 et
970 1869 1098 1905 arbuta
1120 1868 1266 1919 passim,

216 1934 270 1971 Et
285 1933 433 1985 glaucas
448 1933 583 1978 salices,
595 1933 812 1984 casiamque,
824 1948 1046 1984 crocumque
1060 1935 1273 1980 rubentem,-

216 2001 270 2038 Et
291 2000 463 2051 pinguem
481 1999 608 2044 tiliam,
627 2009 666 2038 et
686 1999 910 2052 ferrugineos
925 2001 1156 2051 hyacinthos.

215 2067 398 2104 Omnibus
417 2080 486 2104 una
505 2067 606 2117 quies
624 2081 789 2117 operum,
808 2067 910 2105 labor
927 2069 1094 2105 omnibus
1116 2082 1218 2108 unus,

214 2133 326 2170 Mane
340 2143 452 2170 ruunt
471 2134 611 2184 portis;
632 2147 807 2184 nusquam
826 2147 926 2171 mora
942 2149 950 2173 :
971 2149 1106 2178 rursus,
1122 2135 1271 2174 easdem

215 2201 354 2250 Vesper
373 2202 434 2238 ubi
455 2215 475 2237 e
494 2210 601 2252 pastu
619 2201 764 2241 tandem
780 2201 953 2240 decedere
969 2202 1102 2251 campis
