1493 2605
243 315 321 353 204
518 319 527 326 “
550 314 848 355 AENEIDOS
903 315 976 354 IV.
1167 329 1202 353 v.
1223 315 1292 356 47.

243 426 365 476 Quam
377 434 417 463 tu
432 425 786 470 urbem,soror,hanc
797 429 931 464 cernes!
950 440 1042 477 qnae
1053 440 1197 478 surgere
1210 439 1292 478 reg-

242 492 427 543 Conjugio
446 492 532 530 tali!
557 493 740 530 Teucrum
761 492 1018 531 comitantibus
1033 495 1152 539 armis,
1222 497 1290 545 [na

243 558 382 597 Punica
401 573 437 597 se
461 558 604 608 quantis
623 558 765 596 attollet
785 560 900 611 gloria
920 561 1047 598 rebus!

240 623 306 663 Tu
327 625 436 662 modo
456 639 564 675 posce
584 626 669 663 deos
690 627 836 670 veniam,
864 627 1041 676 sacrisque
1060 626 1171 664 litatis

241 691 400 743 Indulge
419 692 593 741 hospitio,
612 706 824 743 caussasque
844 692 985 729 innecte
1006 694 1181 737 morandi,

239 757 345 797 Dum
365 757 496 810 pelago
515 759 668 796 desaevit
689 759 812 803 hiems,
843 768 879 797 et
900 773 1056 809 aquosus
1077 759 1208 802 Orion,

239 825 514 875 Quassataeque
533 835 627 862 rates
645 841 655 870 ;
687 826 772 863 dum
789 839 858 862 uon
880 825 1069 862 tractabile
1089 825 1243 862 coelum.

239 891 316 930 His
335 891 442 929 dictis
461 892 642 930 incensum
662 892 818 929 animum
838 892 1069 929 inflammavit
1090 906 1224 936 amore,

238 959 423 1011 Spemque
441 959 541 997 dedit
562 959 691 997 dubiae
712 959 835 1002 menti,
856 959 1032 1009 solvitque
1053 959 1241 1009 pudorem.

291 1025 490 1075 Principio,
509 1025 658 1062 delubra
678 1027 825 1069 adeunt,
855 1039 1054 1075 pacemque
1074 1040 1139 1076 per
1157 1038 1234 1063 aras

237 1092 451 1142 Exquiruut
468 1107 478 1130 ι
509 1101 670 1129 mactant
690 1091 803 1129 lectas
823 1093 868 1130 de
889 1106 988 1129 more
1006 1084 1163 1130 bidentis

236 1159 433 1211 Legiferae
451 1157 590 1202 Cereri,
612 1158 850 1208 Phoeboque,
871 1159 1039 1209 patrique
1060 1159 1190 1211 Lyaeo
1207 1175 1219 1206 ς

237 1227 375 1266 Junoni
394 1234 477 1263 ante
496 1223 624 1267 omnis,
644 1224 703 1261 cui
724 1223 837 1262 vincla
851 1225 989 1277 jugalia
1009 1239 1126 1265 curae.

237 1294 337 1343 Ipsa,
358 1302 482 1330 tenens
501 1292 629 1328 dextra
649 1301 822 1341 pateram,
841 1292 1079 1344 pulcherrima
1098 1293 1203 1331 Dido

233 1359 433 1398 candentis
453 1373 583 1396 vaccae
602 1359 720 1396 media
737 1358 832 1396 inter
850 1373 982 1396 cornua
1003 1359 1124 1396 fundit
1142 1375 1153 1405 ;

232 1426 335 1470 Aut,
355 1435 437 1464 ante
457 1440 520 1462 ora
539 1426 659 1468 deum,
688 1426 834 1477 pinguis
853 1426 1033 1476 spatiatur
1051 1426 1095 1463 ad
1116 1439 1207 1471 aras,

234 1495 492 1544 Instauratque
513 1494 606 1530 diem
628 1493 743 1536 donis,
765 1493 1021 1542 pecudumque
1041 1492 1192 1530 reclusis

231 1562 451 1602 Pectoribus
472 1561 611 1597 inhians
641 1560 810 1609 spirantia
840 1560 995 1597 consulit
1016 1568 1114 1597 exta.

231 1630 324 1669 Heu
343 1638 465 1666 vatum
485 1627 629 1678 ignarae
650 1635 787 1663 mentes
805 1628 813 1663 !
850 1626 938 1676 quid
958 1636 1043 1663 vota
1063 1626 1259 1672 furentem,

231 1698 336 1749 Quid
355 1696 505 1734 delubra
520 1697 646 1747 juvant
666 1695 678 1732 ἓ
705 1703 760 1731 est
791 1693 908 1730 mollis
926 1693 1068 1731 flamma
1087 1695 1263 1732 medullas

231 1765 392 1809 Interea,
419 1771 456 1800 et
477 1761 629 1798 tacitum
651 1760 738 1797 vivit
757 1761 824 1797 sub
845 1769 996 1810 pectore
1016 1760 1155 1797 volnus.

229 1831 365 1871 Uritur
382 1829 505 1866 infelix
527 1828 646 1872 Dido,
674 1835 828 1877 totaque
848 1835 1004 1878 vagatur

230 1899 338 1938 Urbe
356 1897 504 1934 furens:
535 1894 650 1944 qualis
670 1896 833 1945 conjecta
855 1907 959 1930 cerva
979 1894 1127 1944 sagitta,

232 1968 354 2017 Quam
374 1962 504 2014 procul
523 1962 703 1998 incautam
724 1974 868 1997 nemora
887 1961 980 1997 inter
999 1961 1122 1999 Cresia
1141 1961 1222 1998 fixit

230 2035 363 2072 Pastor
382 2043 492 2081 agens
510 2027 604 2072 telis,
623 2027 804 2077 liquitque
823 2026 966 2063 volatile
994 2026 1128 2064 ferrum

229 2099 386 2140 Nescius
404 2111 414 2134 z
444 2095 505 2133 illa
523 2095 613 2146 fuga
633 2094 736 2132 silvas
758 2093 942 2143 saltusque
962 2101 1133 2144 peragrat

231 2167 435 2206 Dictaeos:
467 2162 590 2200 haeret
611 2161 713 2198 lateri
733 2160 849 2198 letalis
869 2160 1019 2197 arundo.

229 2234 341 2278 Nunc
360 2230 478 2269 media
497 2231 652 2268 Aenean
673 2241 794 2266 secum
816 2242 881 2279 per
900 2227 1040 2267 moenia
1060 2225 1177 2271 ducit,
