1493 2605
158 311 190 347 xc:
210 313 273 348 412
478 305 780 346 AENEIDOS
839 306 873 346 1.
1137 296 1208 349 121

155 421 276 459 Unius
296 419 344 455 o'b
365 431 496 454 noxam
516 426 553 455 et
572 416 682 454 furias
701 418 831 469 Ajacis
852 417 951 456 Oilei
968 421 983 456 ?

157 486 256 536 Ipsa,
284 482 388 523 Jovis‘
404 484 569 533 rapidum
584 483 742 534 jaculata
761 498 781 521 e
800 484 958 521 nubibus
976 485 1111 535 ignem,

156 550 388 602 Disjecitque
408 562 515 595 rates,
543 550 744 600 evertitque
772 564 928 601 aequora
947 551 1087 597 ventis;

156 617 279 662 Illum,
307 617 549 666 exspirantem
569 616 742 653 transfixo
762 626 912 667 pectore
929 617 1100 665 flammas,

155 683 320 721 Turbine
340 683 531 733 corripuit,
560 682 785 734 scopuloque
804 684 923 721 infixit
951 693 1072 722 acuto.

154 750 233 787 Ast
251 764 335 801 ego,
365 763 455 800 quae
475 750 596 786 divom
615 749 744 786 incedo
764 750 900 801 regina,
928 750 1101 801 ,Iovisque

155 815 209 853 Et
229 830 329 853 soror
347 825 385 853 et
403 818 575 867 conjunx,
604 829 674 852 una
692 830 775 853 cum
793 825 904 867 gente
923 826 982 854 tot
1000 831 1109 854 annos

156 882 260 920 Bella
278 897 380 934 gero.
437 883 492 920 Et
511 883 700 933 quisquam
731 896 860 920 numen
881 884 904 921 J
908 884 1034 920 unonis
1053 885 1179 921 adoret

156 949 360 993 Praeterea,
379 958 443 986 aut
462 949 614 999 supplex
634 951 701 986 aris
719 950 882 999 imponat
897 949 1071 987 honorem
1088 950 1101 987 ἒ

206 1015 313 1052 Talia
333 1015 515 1052 flammato
537 1030 670 1061 secum,
689 1016 768 1060 dea,
789 1017 896 1054 corde
919 1016 1096 1060 volutans,

154 1082 373 1119 Nimborum
391 1082 426 1118 in
445 1083 611 1132 patriam,
640 1082 719 1120 loca
747 1082 820 1120 feta
839 1083 1043 1120 furentibus
1062 1083 1209 1129 austris,¹

107 1199 112 1202 .
152 1147 326 1185 Aeoliam
346 1148 453 1185 venit.
506 1149 584 1186 Hic
605 1159 706 1187 vasto
726 1164 788 1186 rex
809 1149 954 1187 Aeolus
972 1159 1077 1188 antro

152 1214 350 1251 Luctantis
370 1223 494 1252 ventos
513 1224 823 1266 tempestatesque
845 1230 991 1253 sonoras

153 1280 312 1330 Imperio
331 1280 475 1330 premit,
504 1295 546 1318 ac
566 1281 691 1318 vinclis
710 1292 746 1318 et
767 1296 909 1319 carcere
928 1282 1058 1320 frenat.

153 1346 211 1384 Illi
229 1346 454 1397 indignantes
474 1360 606 1397 magno
625 1361 708 1384 cum
728 1361 908 1385 murmure
928 1348 1060 1385 montis

151 1412 300 1449 Circum
318 1411 472 1449 claustra
491 1412 650 1450 fremunt
667 1429 677 1450 :
708 1413 802 1451 celsa
822 1414 924 1452 sedet
944 1414 1087 1452 Aeolus
1106 1427 1198 1459 arce,
1252 1447 1261 1450 ,

153 1479 305 1528 Sceptra
323 1488 458 1522 tenens,
478 1479 670 1530 mollitque
689 1481 838 1525 animos,
865 1491 903 1518 et
922 1489 1100 1531 temperat
1118 1480 1198 1516 iras.

152 1546 202 1582 Ni
222 1545 344 1591 faciat,
370 1546 479 1583 maria
498 1560 538 1583 ac
559 1556 671 1584 terras
691 1548 905 1599 coelumque
925 1549 1147 1599 profundum

152 1612 302 1662 Quippe
321 1612 438 1649 ferant
457 1613 571 1662 rapidi
593 1627 728 1659 secum,
748 1627 961 1665 verrantque
981 1629 1045 1666 per
1063 1627 1177 1652 auras.

153 1680 226 1716 Sed
246 1688 348 1730 pater
365 1678 593 1729 omnipotens
613 1679 788 1730 speluncis
807 1681 947 1718 abdidit
967 1682 1067 1724 atris,

152 1744 242 1781 Hoc
263 1754 450 1789 metuens;
482 1745 685 1796 molemque
703 1756 740 1783 et
761 1747 892 1783 montis
917 1747 1062 1796 insuper
1080 1745 1172 1782 altos

153 1810 349 1860 Imposuit,
369 1824 564 1861 regemque
585 1812 698 1856 dedit,
730 1813 791 1862 qui
811 1811 954 1849 foedere
968 1823 1069 1849 certo

152 1877 206 1914 Et
226 1891 400 1927 premere,
419 1888 457 1914 et
475 1877 572 1914 laxas
593 1878 699 1915 sciret
720 1879 803 1916 dare
818 1881 937 1930 jussus
956 1879 1126 1917 habenas.

151 1943 219 1980 Ad
239 1957 346 1993 quem
365 1952 444 1980 tum
464 1944 560 1981 Juno
591 1945 743 1995 supplex
762 1945 817 1982 his
838 1946 984 1983 vocibus
1004 1959 1066 1982 usa
1087 1954 1140 1983 est
1159 1960 1168 1981 :

203 2008 339 2053 Aeole,
351 2023 503 2060 namque
516 2011 583 2047 tibi
597 2011 717 2048 divom
731 2021 846 2063 pater,
860 2021 969 2061 atque
982 2012 1169 2048 hominum

154 2074 206 2111 Et
227 2074 384 2112 mulcere
404 2076 506 2113 dedit
526 2077 660 2114 fluctus
679 2087 716 2115 et
735 2077 861 2114 tollere
876 2086 983 2114 vento
1002 2093 1012 2121 ;
1100 2080 1205 2128 [rex‚·

153 2140 255 2178 Gens
283 2139 425 2178 inimica
444 2142 532 2179 mihi
550 2142 786 2193 Tyrrhenum
807 2143 950 2194 navigat
970 2156 1118 2193 aequor,

153 2205 262 2242 Ilium
282 2206 317 2241 in
339 2207 481 2245 Italiam
501 2218 664 2259 portans,
684 2210 872 2259 victosque
894 2210 1046 2247 Penates
1063 2224 1081 2246 ε-

210 2270 326 2309 ΤΟΜ.
360 2273 391 2309 Ι.
716 2276 752 2309 0

724 2309 751 2324 &a
