1493 2605
212 284 330 337 vjffi.
509 294 854 334 GEORoicoN
913 295 969 332 11.
1215 298 1267 333 59

214 411 346 460 Atque
365 421 430 458 per
448 408 617 459 ambages
637 416 674 444 et
693 406 803 458 longa
822 419 961 449 exorsa,
981 404 1126 442 tenebo,

271 476 410 525 Sponte
430 487 492 511 sua
507 487 598 523 quae
617 487 654 510 se
674 472 810 509 tollunt
830 472 864 508 in
884 471 1026 508 luminis
1046 484 1162 514 auras,

220 540 423 579 Infecunda
442 539 602 590 quidem,
624 540 685 575 sed
705 538 799 575 laeta
817 546 854 574 et
875 537 996 581 fortia,
1018 546 1197 589 surgunt:

215 606 366 657 Quippe
386 605 463 642 solo
484 614 612 642 natura
632 606 754 642 subest
815 603 955 642 Tamen
971 604 1060 641 haec
1074 616 1222 653 quoque
1242 601 1271 638 si

215 674 371 716 Inserat,
383 681 446 709 aut
459 671 647 708 scrobibus
659 671 804 708 mandet
818 679 957 707 mutata
969 670 1141 714 subactis,
1161 667 1270 720 [quis

214 738 396 777 Exuerint
415 738 612 775 silvestrem
630 738 786 774 animum
804 752 814 782 ς
844 737 1019 787 cultuque
1038 735 1220 786 frequenti

218 805 262 842 In
284 818 519 855 quascunque
538 818 643 841 voces
663 804 748 841 artis
769 804 866 840 haud
887 803 990 840 tarda
1010 810 1219 853 sequentur.

269 871 351 909 Nec
372 886 442 908 non
462 880 499 908 et
520 870 661 907 sterilis.
684 884 775 920 quae
795 869 970 920 stirpibus
990 869 1066 906 exit
1089 870 1134 906 ab
1154 867 1248 912 imis,

218 939 307 977 Hoc
328 937 451 982 faciet,
470 951 599 974 vacuos
620 936 648 973 si
667 935 713 973 sit
733 936 875 987 digesta
894 949 958 986 per
977 949 1085 986 agros
1102 950 1112 973 ε

218 1004 327 1042 Nunc
349 1003 441 1041 altae
462 1003 608 1041 frondes
627 1011 663 1040 et
683 1003 773 1039 rami
793 1002 916 1038 matris
944 1011 1115 1051 opacant,

218 1070 478 1120 Crescentique
498 1070 660 1106 adimunt
677 1068 786 1111 fetuS,
807 1077 988 1118 uruntque
1007 1067 1195 1106 ferentem.

271 1137 367 1179 Jam,
387 1149 479 1185 quae
500 1134 691 1172 seminibus
705 1135 814 1185 jactis
834 1148 870 1171 se
886 1134 1031 1171 sustulit
1050 1135 1172 1179 arbos,

219 1202 346 1241 Tarda
366 1202 477 1244 venit,
499 1201 583 1238 seris
603 1201 744 1237 factura
764 1201 956 1250 nepotibus
980 1202 1141 1238 umbram
1158 1217 1170 1247 3

222 1269 409 1318 Pomaque
428 1268 648 1319 degenerant
669 1280 796 1304 succos
815 1266 931 1304 oblita
949 1268 1100 1316 priores,

221 1335 275 1373 Et
295 1335 411 1385 turpis
430 1334 554 1371 avibus
574 1333 741 1383 praedam
759 1332 832 1370 fert
852 1347 920 1370 uva
943 1347 1115 1370 racemos.

275 1400 422 1438 Scilicet
435 1400 601 1437 omnibus
613 1408 667 1436 est
678 1399 782 1436 labor
796 1400 1055 1449 impendendus
1071 1415 1081 1444 ;
1102 1408 1141 1436 et
1155 1412 1279 1436 omnes

220 1467 418 1517 Cogendae
436 1467 472 1503 in
492 1466 645 1511 sulcum,
665 1480 706 1503 ac
727 1466 840 1503 multa
861 1466 1024 1503 mercede
1044 1466 1258 1503 domandae.

224 1534 298 1572 Sed
315 1535 452 1570 truncis
472 1533 572 1570 oleae
592 1532 732 1576 melius,
754 1532 954 1584 propagine
974 1533 1065 1569 vites

224 1599 478 1649 Respondent,
499 1598 615 1635 solido
637 1598 796 1648 Paphiae
816 1599 861 1635 de
880 1599 1010 1636 robore
1030 1609 1186 1649 myrtus.

223 1665 360 1703 Plantis
379 1675 416 1701 et
436 1666 545 1701 durae
566 1664 681 1702 coruli
702 1674 910 1709 nascuntur,
939 1674 976 1702 et
996 1665 1122 1715 ingens

223 1731 418 1774 Fraxinus,
440 1731 719 1781 Herculeaeque
737 1732 842 1768 arbos
864 1732 1031 1768 umbrosa
1049 1745 1218 1776 coronae,

223 1798 450 1848 Chaoniique
470 1798 582 1847 patris
601 1797 751 1848 glandes
769 1813 778 1835 z
799 1798 909 1834 etiam
927 1798 1040 1835 ardua
1059 1798 1177 1848 palma

224 1866 413 1909 Nascitur,
433 1874 470 1903 et
485 1878 588 1902 casus
607 1865 702 1902 abies
719 1865 833 1901 visura
849 1865 1016 1902 marinos.

225 1932 404 1970 Inseritur
421 1946 504 1968 vero
523 1940 560 1968 et
580 1930 658 1969 fetu
677 1931 778 1968 nucis
800 1932 951 1968 arbutus
974 1931 1119 1968 horrida
1136 1946 1148 1977 ς

226 1999 281 2036 Et
300 1997 437 2035 steriles
455 1998 591 2048 platani
611 1997 723 2034 malos
748 2011 889 2048 gessere
909 1997 1057 2034 valentis
1074 2012 1085 2035 ε

226 2066 426 2104 Castaneae
446 2064 569 2116 fagus,
588 2078 770 2114 ornusque
790 2064 949 2102 incanuit
968 2063 1052 2101 albo

226 2130 337 2173 flore
357 2131 438 2180 piri,
458 2131 699 2182 glandemque
719 2145 797 2168 sues
817 2131 958 2182 fregere
978 2130 1044 2167 sub
1067 2129 1184 2169 ulmis.

272 2197 352 2242 Nee
365 2198 495 2236 modus
507 2198 657 2237 inserere
670 2208 781 2248 atque
793 2197 919 2236 oculos
929 2197 1111 2249 imponere
1121 2196 1284 2249 simplex.

710 2264 808 2306 H2
