1529 2693
144 307 177 333 v.
196 293 259 334 73.
497 286 736 328 ECLOGA
793 286 866 328 VI.
1145 292 1200 328 23*

144 403 204 443 Ne
223 401 302 451 quis
322 400 367 438 sit
385 399 502 444 lucus,
523 414 597 450 quo
616 414 652 436 se
671 399 752 449 plus
766 401 881 451 jactet
901 398 1059 449 Apollo.

112 488 113 492 =
146 468 247 519 Quid
259 467 398 517 loquar,
414 474 456 503 ut
473 465 632 515 Scyllam
649 465 743 506 Nisi,
760 479 866 515 quam
882 464 975 502 fama
989 473 1112 502 secuta
1124 473 1197 512 θεῖ,

143 535 307 574 Candida
326 532 545 570 succinctam
565 531 779 569 latrantibus
798 532 944 583 inguina
963 532 1144 579 monstris,

142 600 335 640 Dulichias
354 613 497 637 vexasse
516 609 623 643 rates,
651 608 689 636 et
708 599 855 650 gurgite
875 599 910 635 in
930 598 1003 636 alto

140 669 210 708 Ab
229 671 238 707 !
270 668 415 706 timidos
435 676 559 704 nautas
578 666 725 703 canibus
744 665 915 703 lacerasse
934 666 1076 704 marinis
1094 682 1105 713 ;

140 736 242 779 Aut,
271 743 311 771 ut
332 743 488 771 mutatos
509 734 620 771 Terei
639 733 833 770 narraverit
854 742 952 770 artus
971 748 981 771 :

143 805 246 854 Quas
266 803 316 839 illi
339 801 536 840 Philomela
555 802 677 851 dapes,
707 814 800 850 quae
819 801 914 837 dona
933 800 1067 850 pararit
1085 815 1096 846 ;

142 871 230 921 Quo
250 883 356 908 cursu
376 869 515 906 deserta
535 867 719 918 petiverit,
747 877 784 904 et
804 867 934 917 quibus
953 877 1037 904 ante

143 937 275 974 Infelix
296 950 358 973 sua
376 944 474 973 tecta
493 934 802 984 supervolitaverit
821 934 884 970 alis
900 935 913 972 ?

142 1003 289 1046 Omnia,
310 1016 415 1052 quae,
446 1001 598 1039 Phoebo
619 1000 801 1050 quondam
821 1000 1029 1046 meditante,
1047 1000 1175 1040 beatus

139 1069 277 1108 Audiit
298 1069 471 1111 Eurotas,
487 1068 664 1119 jussitque
682 1068 839 1104 ediscere
859 1066 991 1112 lauros,

143 1135 210 1173 Ille
230 1136 325 1172 canit
344 1150 355 1179 ς
385 1134 507 1184 pulsae
527 1133 686 1174 referunt
705 1134 749 1170 ad
769 1133 882 1170 sidera
900 1133 1008 1170 valles
1025 1148 1035 1171 ι

139 1202 282 1251 Cogere
303 1201 416 1237 donec
436 1214 520 1237 oves
540 1199 702 1244 stabulis,
723 1213 980 1249 numerumque
998 1200 1140 1246 referre,

142 1267 256 1305 Jussit
274 1277 312 1304 et
330 1267 442 1304 invito
463 1266 637 1318 processit
657 1267 799 1316 Vesper
819 1266 995 1317 Olympo.

468 1505 711 1545 ECLOGA
767 1506 866 1544 VII.

228 1643 1111 1708 MELIBOEUSD

304 1806 521 1831 MELIBOEU
532 1806 562 1831 S.
595 1806 804 1831 CORYDON.
835 1807 1034 1832 THYRSIS.

564 1916 767 1956 Meliboeus.

144 1995 283 2033 Fon-rs
306 1996 372 2032 sub
392 2005 522 2048 arguta
541 1998 751 2035 consederat
770 1997 851 2035 ilice
875 1996 1060 2048 Daphnis,

138 2061 471 2114 Compulerantque
482 2078 611 2115 greges
620 2064 792 2114 Corydon
804 2073 841 2102 et
848 2064 1005 2115 Thyrsis
1016 2066 1049 2102 in
1063 2078 1191 2114 unumg

138 2128 297 2178 Thyrsis
316 2143 412 2175 oves,
431 2131 606 2180 Corydon
627 2131 800 2169 distentas
819 2130 912 2169 lacte
933 2131 1084 2182 capellas
1101 2148 1112 2179 ς

140 2195 268 2233 Ambo
291 2195 456 2234 florentes
477 2198 669 2244 aetatibus,
691 2198 858 2237 Arcades
878 2198 998 2245 ambo,
