1493 2605
186 291 339 339 vas-J.-
490 281 839 335 GEORGICON
896 283 954 333 Π.
1052 282 1056 284 ’
1192 291 1244 336 73‘

145 423 147 426 ·
186 409 239 447 Et
253 412 358 461 juvat
377 408 574 445 undantem
593 408 694 445 buxo
714 415 878 457 spectare
898 406 1097 457 Cytorum,

185 468 436 525 Naryciaeque
455 474 546 525 picis
565 474 666 512 lucos
683 489 691 510 :
718 475 820 524 juvat
841 486 924 510 arva
942 472 1063 510 videre

184 543 271 581 Non
288 542 424 586 rastris,
450 541 637 578 hominum
656 554 728 578 non
749 540 812 577 ulli
831 540 992 578 obnoxia
1010 554 1130 579 curae.

184 609 290 659 Ipsae
310 607 488 646 Caucasio
507 607 644 645 steriles
662 607 697 644 in
718 607 851 644 vertice
871 606 992 652 silvae,

183 675 286 724 Quas
305 674 453 711 animosi
474 674 567 712 Euri
583 673 721 711 assidue
736 672 983 725 franguntque
1003 671 1214 724 feruntque,

181 741 288 780 Dant
305 741 393 778 alios
411 741 499 778 aliae
518 740 614 777 fetus
634 755 645 785 ;
674 740 764 776 dant
788 739 877 776 utile
895 739 1052 791 lignum,

182 806 347 858 Navigiis
365 806 484 857 pinos,
504 807 673 843 domibus
692 807 914 856 cedrumque
935 818 1212 856 cupressosque.>

120 891 129 899 ·
183 874 286 912 Hinc
306 874 425 911 radios
444 873 573 911 trivere
592 873 695 918 rotis,
716 872 800 910 hinc
819 882 995 923 tympana
1013 872 1201 924 plaustris,

180 939 398 991 Agricolae,
417 948 456 977 et
474 939 610 990 pandas
629 939 769 976 ratibus
789 953 942 989 posuere
961 939 1111 978 carinas.
1127 954 1153 976 :-

180 1006 388 1043 Viminibus
407 1005 530 1043 salices
549 1005 737 1050 fecundae,
756 1004 948 1042 frondibus
967 1005 1055 1043 ulmi
1072 1021 1086 1051 ;

181 1072 243 1110 At
261 1081 403 1122 myrtus
419 1072 543 1108 validis
562 1072 765 1116 hastilibus,
785 1081 836 1115 et,
857 1073 954 1109 bona
972 1071 1084 1117 bello,

182 1139 350 1183 Cornus;
384 1138 551 1175 Ituraeos
571 1138 648 1175 taxi
667 1146 888 1188 torquentur
905 1138 941 1174 in
960 1151 1078 1176 arcus,

181 1203 262 1242 Nec
281 1203 379 1240 tiliae
397 1203 491 1241 leves
509 1214 574 1242 aut
592 1212 700 1242 torno
718 1204 821 1242 rasile
840 1205 980 1241 buxum

181 1270 268 1309 Non
286 1270 440 1308 formam
459 1272 658 1322 accipiunt,
677 1270 847 1321 ferroque
866 1279 1039 1308 cavantur
1057 1279 1181 1309 acuto.

182 1337 262 1375 Nec
281 1350 352 1374 non
370 1346 408 1375 et
427 1346 626 1375 torrentem
646 1338 780 1374 undam
799 1337 885 1374 levis
905 1337 1044 1374 innatat
1064 1337 1181 1383 alnus,

181 1403 295 1442 Missa
316 1404 418 1442 Pado
436 1419 446 1442 :
477 1418 541 1442 nec
562 1418 633 1441 non
653 1413 691 1442 et
710 1417 796 1455 apes
815 1404 981 1441 examina
999 1404 1164 1441 condunt

181 1471 464 1522 Corticibusque
484 1471 579 1509 cavis
599 1471 819 1522 vitiosaeque
838 1472 929 1510 ilicis
947 1472 1062 1510 alveo.

181 1535 284 1586 Quid
303 1538 574 1575 memorandum
592 1551 705 1587 aeque
727 1538 908 1576 Baccheia
922 1539 1018 1576 dona
1035 1538 1201 1577 tulerunt
1217 1540 1231 1577 ?

182 1604 352 1643 Bacchus
371 1613 408 1642 et
427 1604 473 1641 ad
492 1604 635 1656 culpam
655 1618 798 1642 caussas
817 1605 945 1644 dedit:
975 1605 1035 1642 ille
1055 1604 1209 1643 furentis

180 1672 384 1710 Centauros
402 1670 477 1708 leto
497 1671 652 1714 domuit,
677 1670 955 1721 Rhoetumque,
976 1671 1222 1722 Pholumque,

183 1737 236 1775 Et
256 1751 387 1789 magno
409 1737 599 1788 Hylaeum
620 1737 792 1787 Lapithis
811 1747 950 1775 cratere
970 1739 1178 1776 minantem.

235 1804 272 1843 O
292 1803 499 1842 fortunatos
519 1803 682 1847 nimium,
703 1817 766 1840 sua
779 1803 809 1840 si
823 1804 920 1841 bona
938 1805 1074 1850 norint,

179 1870 382 1923 Agricolas
401 1874 409 1909 !
443 1871 574 1921 quibus
594 1870 684 1920 ipsa,
711 1870 842 1920 procul
865 1871 1093 1910 discordibus
1112 1873 1231 1918 armis,

182 1938 320 1976 Fundit
337 1937 450 1974 humo
470 1937 613 1975 facilem
634 1937 769 1974 victum
783 1938 982 1989 justissima
1000 1939 1122 1978 tellus.

183 2003 223 2042 Si
243 2017 312 2040 non
330 2003 516 2055 ingentem
535 2002 675 2041 foribus
695 2003 823 2041 domus
842 2004 914 2041 alta
933 2004 1099 2055 superbis

181 2069 295 2108 Mane
315 2069 536 2108 salutantum
554 2071 645 2108 totis
664 2071 778 2108 vomit
797 2071 946 2108 aedibus
966 2071 1125 2118 undam3

182 2137 263 2174 Nec
283 2137 398 2175 varios
416 2137 557 2175 inhiant
575 2137 727 2188 pulchra
746 2138 928 2176 testudine
947 2147 1085 2188 poste8‚

183 2201 385 2253 Illusasque
404 2217 491 2242 auro
511 2197 632 2251 vestis,
654 2205 916 2257 Ephyreiaque
935 2217 1014 2244 aera
1030 2220 1044 2250 3

235 2270 352 2308 ΤοΜ.
384 2271 418 2308 Ι.
717 2271 756 2309 K
