1529 2693
234 327 282 364 18
601 324 914 365 BUCOLICA.
1166 342 1200 368 ν.
1222 330 1287 369 36.

229 436 395 476 Grandia
414 450 517 487 saepe
538 437 670 487 quibus
690 437 933 474 mandavimus
952 435 1090 476 hordea
1109 438 1232 486 sulcia,

230 503 360 542 Infelix
383 504 506 541 lolium
525 514 561 541 et
583 503 721 540 steriles
742 512 940 540 nascuntur
957 517 1106 544 avenae:

226 571 299 610 Pro
321 571 418 607 molli
439 570 545 613 viola,
573 585 639 620 pro
661 584 844 620 purpureo
864 571 1035 615 narcisso,

226 640 406 683 carduus,
434 647 470 675 et
492 637 603 687 spinis
625 637 739 688 surgit
762 637 920 687 paliurus
940 638 1068 675 acutis.

226 706 396 757 Spargite
417 705 566 741 humum
587 703 694 747 foliis,
715 704 875 741 inducite
896 703 1059 742 fontibus
1078 704 1238 751 umbras,

226 773 395 811 Pastores
413 787 422 809 :
454 771 598 808 mandat
619 770 692 808 fieri
714 771 779 808 sibi
800 770 886 808 talia
908 772 1100 822 Daphnis:

224 840 277 879 Et
298 838 476 876 tumulum
498 838 620 882 facite,
648 847 683 875 ct
705 837 847 874 tumulo
868 838 1098 888 superaddite
1118 853 1278 878 carmen:

223 906 395 956 Daphnis
413 919 484 956 ego
504 905 538 941 in
560 904 666 948 silvis,
696 904 778 942 hinc
799 918 913 954 usque
933 905 978 941 ad
999 905 1114 942 sidera
1131 914 1254 951 notus,

222 973 388 1011 'Formosi
407 973 548 1024 pecoris
567 981 703 1013 custos,
734 971 924 1008 formosior
943 971 1031 1020 ipse.

649 1038 845 1075 Menalcas.

219 1107 315 1145 Tale
334 1115 438 1144 tuum
457 1119 599 1143 carmen
620 1104 736 1148 nobis,
765 1104 882 1141 divine
902 1106 1026 1154 poeta,

219 1172 339 1223 Quale
360 1186 469 1223 sopor
488 1170 588 1209 fessis
608 1172 642 1208 in
663 1170 825 1222 gramine
847 1186 857 1215 ;
888 1170 1007 1220 quale,
1036 1185 1100 1221 per
1126 1180 1286 1217 aestum,

217 1240 351 1279 Dulcis
371 1253 485 1290 aquae
505 1238 650 1277 saliente
671 1238 764 1275 sitim
786 1237 1007 1288 restinguere
1026 1237 1102 1274 rivo
1120 1253 1130 1276 ε

217 1307 299 1345 Nec
318 1305 462 1344 calamis
478 1305 594 1343 solum
611 1305 833 1355 aequiparas,
854 1305 915 1341 sed
935 1318 1037 1348 voce,
1051 1304 1276 1356 magistrum.

219 1372 422 1410 Fortunate
438 1385 541 1423 puer,
572 1381 613 1409 tu
633 1385 728 1408 nunc
747 1371 814 1408 eris
834 1370 925 1408 alter
943 1371 988 1408 ab
1008 1371 1082 1408 illo.

217 1439 298 1477 Nos
306 1448 425 1476 tamen
434 1439 537 1482 haec,
550 1452 782 1489 quocumque
789 1438 911 1482 modo,
922 1437 1278 1476 tibiuostravicissim

215 1506 408 1550 Dicemus,
438 1505 689 1556 Daphnimque
709 1514 813 1542 tuum
834 1503 1003 1542 tollemus
1023 1505 1068 1542 ad
1086 1514 1181 1542 astra
1198 1520 1209 1551 3

213 1571 1273 1622 Daphninadastraferemus:amavitnosquoqueDaphnis·

652 1639 820 1691 llffojzsus.

212 1707 278 1744 An
301 1704 497 1755 quidquam
518 1705 621 1742 nobis
642 1705 704 1742 tali
724 1705 770 1742 sit
790 1719 939 1742 munere
959 1706 1070 1756 majus
1087 1706 1100 1743 ἓ

213 1772 267 1810 Et
288 1786 377 1822 puer
394 1772 470 1821 ipse
491 1771 559 1809 fuit
581 1772 717 1809 cantari
737 1772 898 1823 dignus;
927 1780 965 1808 et
984 1771 1053 1808 ista

211 1839 293 1877 Jam
311 1838 451 1889 pridem
473 1838 651 1877 Stimicon
671 1837 830 1874 laudavit
849 1837 1006 1875 carmina
1025 1837 1141 1875 nobis.

643 1904 846 1942 Menalcas.

212 1971 398 2011 Candidus
419 1970 599 2008 insuetum
619 1971 769 2008 miratur
787 1970 893 2007 limen
916 1970 1086 2020 Olympi,

213 2039 291 2076 Sub
311 2039 537 2088 pedibusque
557 2038 653 2075 videt
675 2038 788 2075 nubes
807 2047 844 2074 et
863 2036 978 2074 sidera
999 2035 1181 2086 Daphnis.

211 2104 318 2155 Ergo
338 2105 462 2142 alacris
483 2104 587 2141 silvas
614 2112 651 2142 et
672 2113 792 2142 cetera
811 2116 893 2140 rura
912 2102 1096 2153 voluptas,

211 2170 395 2220 Panaque,
424 2180 670 2220 pastoresque,
690 2179 805 2215 tenet,
827 2170 1070 2221 Dryadasque
1089 2168 1267 2221 puellas}
1284 2175 1289 2179 ’
1311 2177 1315 2181 “

212 2236 293 2276 Nec
311 2236 419 2287 lupus
438 2236 580 2275 insidias
599 2237 735 2288 pecon'‚
765 2250 829 2276 nec
848 2237 939 2275 retia
958 2237 1070 2275 cervis
