1493 2605
215 266 248 291 v.
266 253 330 294 97.
548 253 849 293 AENEIDOS
907 256 940 292 Ι.
1195 260 1270 297 123

214 363 387 413 Tydide!
419 377 521 402 mene
543 364 663 403 Iliacis
682 366 898 404 occumbere
910 366 1051 416 'campis

214 429 301 467 Non
315 429 489 479 potuisse,
503 440 639 481 tuaque
653 432 806 469 animam
820 432 911 470 hanc
923 431 1106 469 effundere
1118 431 1264 472 dextra?

212 495 350 533 Saevus
371 497 432 533 ubi
452 497 641 535 Aeacidae
657 498 730 536 telo
745 501 844 550 jacet
865 499 1026 543 Hector,
1047 498 1107 535 ubi
1122 498 1249 550 ingens

211 560 427 611 Sarpedon3
458 563 519 600 ubi
541 573 598 601 tot
621 565 752 602 Simois
779 574 947 615 correpta
966 565 1031 602 sub
1052 564 1155 601 undis

211 628 325 666 Scuta
346 629 471 674 virum,
492 629 700 681 galeasque,
729 641 765 668 et
797 631 906 668 fortia
924 645 1090 682 corpora,
1111 630 1233 669 volvit.

261 694 369 732 Talia
381 697 535 746 jactanti
555 697 709 736 stridens
729 697 896 748 aquilone
916 696 1074 748 procella

206 758 340 797 Velum
361 761 507 799 adversa
525 762 623 807 ferit,
652 763 860 814 fluctusque
874 764 920 801 ad
940 763 1054 800 sidera
1074 762 1199 800 tollit:

207 826 442 878 Franguntur
460 830 544 867 remi
560 845 570 868 ε
601 840 679 867 tum
699 844 805 880 prora
823 832 966 874 avertit,
985 840 1023 867 et
1047 830 1151 867 undis

205 893 286 931 Dat
298 893 410 933 latus:
425 896 626 946 insequitur
637 896 783 934 cumulo
795 906 1010 946 praeruptus
1022 908 1255 946 aquaemons.

205 958 262 996 Hi
283 974 422 998 summo
440 961 474 998 in
497 963 612 1000 fluctu
633 964 790 1013 pendent
809 978 818 998 :
849 963 905 996 his
927 963 1022 997 unda
1041 961 1226 998 dehiscens

205 1025 357 1064 Terram
377 1028 470 1065 inter
489 1029 621 1066 fluctus
642 1029 755 1078 aperit
773 1042 784 1071 3
814 1025 902 1062 furit
927 1034 1046 1062 aestus
1073 1027 1200 1064 arenis.

202 1091 290 1129 Tris
311 1094 434 1131 Notus
453 1095 619 1145 abreptas
647 1095 680 1130 in
703 1105 784 1129 saxa
802 1090 951 1127 latentia
970 1099 1118 1141 torquet
1135 1107 1147 1136 ;

203 1159 310 1202 Saxa,
339 1170 469 1196 vocant
493 1161 575 1197 Itali
595 1159 717 1196 mediis
737 1170 828 1207 quae
847 1157 882 1192 in
902 1157 1074 1193 fluctibus
1093 1158 1207 1202 Aras,

201 1223 366 1261 Dorsum
385 1225 537 1263 immane
558 1226 643 1262 mari
665 1237 816 1261 summo.
859 1222 946 1259 Tris
969 1223 1090 1260 Eurus
1109 1223 1153 1260 ab
1172 1222 1249 1261 alto

202 1289 247 1325 In
266 1290 385 1328 brevia
404 1300 441 1328 et
462 1292 570 1341 syrtis
602 1299 749 1340 urguet,
779 1287 978 1325 miserabile
999 1288 1099 1326 visu!

198 1354 390 1406 Illiditque
411 1358 520 1398 vadis,
548 1364 658 1404 atque
677 1369 811 1406 aggere
839 1354 955 1406 cingit
976 1368 1113 1392 arenae.

201 1422 337 1465 Unam,
366 1436 455 1472 quae
477 1422 617 1471 Lycios
647 1422 832 1472 fidumque
852 1421 1003 1458 vehebat
1025 1421 1220 1467 Orontem,
1248 1449 1257 1452 -

200 1489 320 1539 Ipsius
340 1498 421 1526 ante
440 1489 566 1526 oculos
584 1489 710 1540 ingens
739 1503 758 1526 a
779 1489 909 1526 vertice
928 1496 1061 1538 pontus

198 1555 244 1592 In
265 1556 417 1605 puppim
437 1555 544 1593 ferit:
576 1557 762 1593 excutitur
780 1568 988 1605 pronusque
1006 1554 1179 1605 magister

197 1622 370 1660 Volvitur
387 1623 421 1659 in
441 1632 576 1673 caput:
610 1631 664 1659 ast
683 1621 779 1659 illam
799 1631 855 1659 ter
875 1622 1006 1658 fluctus
1034 1620 1168 1658 ibidem

197 1688 369 1738 Torquet
385 1702 492 1740 agens
507 1688 656 1734 circum,
671 1698 709 1725 et
724 1688 869 1738 rapidus
885 1696 987 1724 vorat
998 1700 1153 1737 aequore
1164 1702 1244 1725 vor-

195 1754 395 1804 Apparent
415 1755 483 1791 rari
503 1764 625 1792 nantes
645 1756 679 1792 in
709 1755 857 1806 gurgite
879 1763 1002 1799 vasto;
1143 1757 1242 1805 [texe

195 1821 315 1858 Arma
333 1822 458 1868 virum,
473 1821 701 1873 tabulaeque,
719 1832 756 1859 et
774 1822 888 1859 Tro'i'a
907 1835 1012 1872 gaza,
1031 1834 1098 1871 per
1116 1821 1240 1859 undas.

192 1887 275 1925 Jam
295 1887 446 1925 validam
468 1888 596 1927 Ilionei
615 1903 753 1933 navem,
769 1892 843 1941 jam
863 1888 969 1925 fortis
989 1887 1178 1933 Achatae,

195 1953 249 1991 Et
270 1968 340 2005 qua
360 1964 484 1992 vectus
502 1956 625 2000 Abas,
651 1965 688 1993 et
707 1970 779 2006 qua
799 1956 1022 2007 grandaevus
1041 1954 1190 2000 Aletes,

194 2020 296 2058 Vicit
316 2021 428 2059 hiems
446 2037 455 2059 ι
486 2022 575 2060 laxis
594 2022 748 2060 laterum
768 2022 1009 2073 compagibus
1027 2035 1151 2060 omnes

191 2086 400 2137 Accipiunt
418 2088 605 2126 inimicum
620 2089 788 2132 imbrem,
815 2089 985 2138 rimisque
1004 2087 1189 2126 fatiscunt.

246 2154 406 2200 Interea,
427 2169 559 2208 magno
579 2157 717 2195 misceri
738 2170 921 2195 murmure
941 2164 1111 2206 pontum,

675 2224 766 2274 Q?
