1493 2605
219 314 251 341 v.
271 304 358 343 187.
524 299 824 340 AENEIDOS
882 294 963 338 111.
1181 303 1257 339 183

218 413 392 451 Crederet
407 412 420 450 ?
447 419 509 449 aut
528 425 634 461 quem
649 421 726 449 tum
739 420 837 449 vates
855 410 1054 449 Cassandra
1070 420 1226 448 moveret
1245 412 1257 448 ?

217 478 396 516 Cedamus
415 478 580 522 Phoebo,
599 487 649 522 et,
668 477 793 514 moniti
812 476 969 521 meliora,
989 490 1190 526 sequamur.

218 544 280 581 Sic
299 545 348 581 ait
365 560 375 589 ;
396 553 432 581 et
452 544 576 581 cuncti
595 544 695 581 dicto
715 557 879 593 paremus
898 554 1057 580 ovantes.

216 608 330 648 Hanc
351 625 497 661 quoque
517 612 708 648 deserimus
728 611 859 655 sedem,
882 611 1080 661 paucisque
1099 610 1231 648 relictis

215 675 308 714 Vela
321 677 458 721 damus,
475 687 686 726 vastumque
702 690 786 713 cava
801 678 904 713 trabe
919 677 1093 713 currimus
1109 690 1254 727 aequor.

242 743 440 792 Postquam
454 743 565 780 altum
579 753 725 780 tenuere
738 751 843 786 rates,
851 744 989 793 necjam
1003 743 1152 794 amphus
1165 743 1257 781 ullae

215 808 410 858 Apparent
425 808 699 853 terrae‚coelum
712 809 869 858 undique
883 818 919 846 et
932 810 1089 859 undique
1103 819 1259 859 pontu-53r

215 874 315 913 Tum
335 867 420 911 mihi
440 875 622 912 caeruleus
642 889 748 925 supra
767 886 878 924 caput
896 875 1037 912 adstitit
1056 875 1182 921 imber,

215 941 372 979 Noctem
381 942 604 992 hiememque
611 942 965 987 feren83e1inhorruit
980 942 1074 978 unda
1085 942 1253 979 tenebris.

215 1007 402 1045 Continuo
423 1009 518 1045 venti
539 1008 688 1044 volvunt.
706 1021 815 1052 mare,
844 1022 1046 1059 magnaque
1066 1019 1221 1060 surgunt

215 1075 406 1123 Aequora.
454 1074 619 1123 Dispersi
635 1076 815 1125 Jactamur
833 1074 982 1125 gurgite
1004 1086 1117 1112 vastO.

216 1141 403 1178 Involvere
423 1140 517 1177 diem
536 1140 659 1183 nimbi,
687 1149 723 1177 et
744 1154 815 1176 nox
835 1140 984 1177 humida
1003 1141 1143 1179 coelum

213 1202 387 1244 Abstulit
405 1222 415 1244 z
445 1206 664 1257 ingeminant
683 1206 845 1256 abruptis
866 1207 1020 1244 nubibus
1039 1207 1152 1258 ignes.

215 1274 435 1311 Excutimur
453 1287 573 1316 cursu,
593 1282 631 1310 et
650 1273 766 1310 caecis
785 1286 941 1310 erramus
960 1273 995 1310 in
1017 1275 1134 1312 undis.

215 1341 300 1389 Ipse
319 1340 412 1376 diem
432 1349 650 1390 noctemque
670 1349 780 1390 negat
799 1339 998 1377 discernere
1017 1340 1136 1384 coelo,

212 1406 294 1444 Nec
314 1406 513 1443 meminisse
531 1406 605 1443 viae
624 1406 753 1449 media,
773 1405 975 1450 Palinurus,
995 1406 1030 1442 in
1050 1407 1158 1444 unda.

212 1472 299 1511 Tris
319 1473 406 1510 adeo
425 1473 582 1509 incertos
601 1486 709 1509 caeca
726 1472 879 1523 caligine
898 1472 989 1509 soles

213 1540 389 1579 Erramus
406 1539 537 1591 pelago
553 1555 563 1584 ς
592 1539 746 1576 totidem
767 1539 840 1576 sine
860 1539 973 1576 sidere
992 1548 1116 1578 noctes
1135 1556 1144 1578 t

213 1607 358 1656 Quarto
378 1616 472 1644 terra
491 1606 548 1643 die
568 1606 724 1656 primum
744 1620 780 1642 se
800 1605 964 1644 attollere
983 1607 1128 1644 tandem

174 1693 178 1696 ·
213 1674 315 1716 Visa,
344 1672 480 1722 aperire
498 1672 627 1722 procul
645 1671 791 1716 montis,
819 1685 861 1709 ac
881 1672 1021 1709 volvere
1045 1672 1198 1711 fumum.

214 1738 306 1776 Vela
318 1739 451 1775 cadunt
469 1754 478 1776 z
501 1738 605 1775 remis
617 1739 836 1790 insurgimus
853 1753 862 1776 :
884 1738 981 1775 haud
997 1752 1108 1782 mora,
1125 1750 1252 1778 nautae

215 1804 358 1841 Adnixi
377 1813 550 1854 torquent
571 1818 726 1854 spumas,
755 1813 792 1841 et
812 1804 953 1841 caerula
973 1815 1132 1843 verrunt.

215 1872 403 1909 Servatum
422 1884 466 1907 ex
488 1870 604 1915 undis,
626 1872 873 1921 Strophadum
888 1884 943 1908 me
957 1870 1081 1908 littora
1099 1872 1255 1921 primum

214 1936 443 1986 Accipiunt:
472 1937 700 1987 Strophades
720 1938 834 1977 Graio
855 1946 953 1975 stant
973 1938 1114 1975 nomine
1134 1939 1260 1976 dictae*

215 2002 357 2040 Insulae
380 2003 484 2040 Ionio
503 2003 537 2039 in
558 2017 689 2054 magno
708 2019 718 2048 3
747 2018 835 2054 quas
855 2004 930 2041 dira
950 2003 1121 2048 Celaeno,

213 2068 478 2119 Harpyiaeque
497 2069 624 2107 colunt
644 2070 744 2115 aliae,
775 2071 924 2109 Phineia
944 2081 1142 2120 postquam

212 2134 346 2172 Clausa
365 2136 506 2180 domus,
534 2150 744 2186 mensasque
764 2146 864 2174 metu
883 2136 1019 2186 liquere
1040 2151 1187 2186 prlores.

214 2200 373 2239 Tristius
393 2202 574 2240 baudinis
594 2212 807 2247 monstrum,
836 2217 899 2241 nec
916 2203 1052 2242 saevior
1072 2203 1143 2241 ulla
