1493 2605
430 429 473 467 Ρ.
504 428 761 470 VIRGILII
797 428 1062 471 MARONIS

269 586 1221 652 AENEJDUS

578 769 757 812 LIBER
814 771 896 810 111.

208 1087 449 1133 Posi-QUAM
473 1102 528 1126 res
553 1088 663 1126 Asiae
681 1089 887 1141 Priamique
906 1100 1068 1129 evertere
1087 1101 1234 1143 gentem

207 1156 428 1193 Immeritarn
460 1155 570 1192 visum
594 1156 758 1205 Superis,
787 1158 994 1208 ceciditque
1015 1160 1216 1208 superbum

207 1221 332 1265 Ilium,
360 1231 397 1259 et
418 1223 536 1259 omnis
557 1223 668 1260 humo
689 1222 805 1260 fumat
827 1225 1013 1274 Neptunia
1034 1225 1176 1277 Troja;

203 1288 360 1325 Diversa
381 1288 505 1326 exsilia
524 1299 560 1326 et
581 1289 742 1328 desertas
763 1305 933 1341 quaerere
953 1301 1068 1329 terras

201 1355 386 1405 Auguriis
407 1359 550 1406 agimur
568 1357 702 1401 divom,
731 1357 952 1407 classemque
972 1359 1039 1395 sub
1061 1358 1138 1409 ipsa

200 1421 415 1465 Antandro,
444 1430 480 1458 et
503 1422 684 1473 Phrygiae
706 1423 874 1461 molimur
892 1424 1082 1462 montibus
1105 1425 1209 1472 Idae,

202 1487 353 1531 Incerti,
379 1501 453 1537 quo
474 1487 548 1524 fata
567 1486 700 1533 ferant,
729 1490 790 1526 ubi
811 1491 936 1528 sistere
958 1490 1093 1537 detur;

199 1554 534 1603 contrahimusque
552 1554 656 1592 viros.
699 1556 773 1592 Vix
791 1558 906 1606 prima
921 1557 1107 1607 inceperat
1123 1568 1253 1604 aestas,

199 1621 250 1659 Et
277 1631 381 1670 pater
398 1621 585 1658 Anchises
605 1622 688 1658 dare
708 1621 791 1659 fatis
812 1623 888 1660 vela
903 1624 1059 1675 jubebat
1076 1639 1088 1662 ε

197 1687 349 1725 Littora
367 1701 480 1738 quum
501 1688 635 1737 patriae
649 1687 836 1726 lacrimans
852 1700 1056 1741 portusque
1071 1689 1250 1741 relinquo,

198 1754 251 1792 Et
271 1767 419 1803 campos
440 1754 502 1790 ubi
523 1754 638 1806 Troja
658 1755 740 1792 fuit.
799 1756 914 1793 Feror
931 1756 1034 1793 exsul
1053 1757 1087 1793 in
1108 1757 1224 1795 altum

195 1822 292 1859 Cum
312 1821 433 1864 sociis,
462 1828 635 1871 natoque,
667 1821 879 1866 Penatibus,
908 1833 946 1861 et
967 1823 1104 1874 magnis
1124 1824 1193 1862 dis.

248 1886 367 1924 Terra
385 1887 515 1937 procul
535 1888 642 1925 vastis
660 1888 795 1926 colitur
816 1889 998 1927 Mavortia
1016 1890 1166 1940 campis,

195 1953 362 1991 Thraces
382 1963 497 1998 arant,
525 1954 598 1992 acri
619 1955 802 2006 quondam
822 1966 972 2008 regnata
993 1957 1201 2008 Lycurg03

193 2020 414 2070 Hospitium
434 2021 623 2071 antiquum
643 2021 793 2073 Trojae,
823 2023 983 2073 sociique
1005 2024 1171 2069 Penates,

191 2086 298 2124 Dum
319 2087 466 2125 fortuna
485 2087 569 2125 fuit.
629 2087 743 2125 Feror
761 2089 847 2134 huc,
875 2099 912 2127 ct
930 2089 1055 2127 littore
1074 2104 1186 2128 curvo

192 2151 342 2193 Moenia
362 2154 478 2204 prima
496 2154 595 2199 loco,
624 2154 708 2193 fatis
727 2156 909 2207 ingressus
928 2156 1059 2207 iniquis
1077 2173 1089 2202 ;

192 2219 459 2271 Aeneadasque
479 2235 560 2260 meo
579 2235 708 2261 nomen
730 2223 776 2260 de
793 2223 936 2262 nomine
955 2223 1071 2275 fingo.
