1493 2605
207 279 258 313 36
567 274 877 312 BUCOLICA.
1144 287 1177 310 v.
1195 273 1257 311 42.

212 386 291 425 Hic
311 385 420 437 gelidi
441 385 559 422 fontes
577 400 587 429 ;
617 385 676 421 hic
697 384 816 421 mollia
836 392 952 433 prata,
972 383 1112 433 Lycori
1131 400 1141 429 3

208 454 288 493 Hic
309 467 431 490 nemus
448 470 458 497 ;
489 453 546 489 hic
568 453 647 501 ipso
667 461 788 488 tecum
808 464 1035 487 consumerer
1054 464 1154 487 aevo.

207 521 317 559 Nunc
337 521 478 556 insanus
499 532 599 554 amor
617 518 695 554 duri
713 531 768 554 me
784 516 916 554 Martis
935 518 969 553 in
990 517 1108 560 armis,

207 586 302 624 Tela
321 586 416 622 inter
436 585 565 627 media,
585 593 696 633 atque
716 584 882 620 adversos
901 582 1038 619 detinet
1058 582 1185 620 hostis.

206 652 272 691 Tu
292 651 420 701 procul
440 664 459 686 a
480 650 596 700 patria
624 651 709 702 (nec
729 650 774 686 sit
795 649 882 685 mihi
902 647 1068 699 credere)
1092 656 1233 684 tantum

205 717 381 768 Alpinas,
401 717 446 754 ah
467 717 555 753 dura
573 720 581 754 !
616 716 725 760 nives,
745 724 782 753 ct
803 715 938 766 frigora
962 714 1095 758 Rheni,

206 783 275 822 Me
296 785 369 821 sine
389 783 463 820 sola
484 783 594 820 vides.
651 783 721 820 Ah
741 792 776 819 te
797 796 839 819 ne
860 782 995 833 frigora
1014 781 1157 818 laedant
1176 782 1185 817 ἒ

207 850 279 887 Ah
299 850 365 886 tibi
386 863 429 886 ne
449 858 588 886 teneras
608 848 740 900 glacies
760 857 856 885 secet
877 862 1000 898 aspera
1020 847 1159 899 plantas
1177 849 1184 883 !

209 916 296 960 Ibo,
317 924 368 960 et,
389 914 604 953 Chalcidico
625 928 716 963 quae
737 923 819 951 sunt
840 914 925 950 mihi
944 914 1090 951 condita
1110 926 1212 950 versu

207 981 393 1025 Carmina,
416 981 572 1030 pastoris
595 980 706 1018 Siculi
728 979 944 1016 modulabor
961 993 1083 1017 avena.

209 1047 364 1085 Certum
383 1056 438 1084 est
458 1047 493 1083 in
514 1046 622 1090 silvis,
643 1046 735 1082 inter
755 1045 895 1095 spelaea
915 1045 1085 1090 ferarum,

207 1112 326 1151 Malle
345 1112 436 1163 pati,
463 1113 667 1162 tenerisque
687 1126 785 1149 meos
804 1112 958 1149 incidere
977 1125 1115 1148 amores

212 1179 424 1218 Arboribus
442 1193 452 1216 ε
483 1188 646 1215 crescent
665 1178 744 1215 illae
763 1194 773 1222 ;
802 1178 983 1221 crescetis‚
1003 1190 1153 1214 amores.

210 1245 360 1282 Interea
378 1244 500 1281 mixtis
514 1244 678 1281 lustrabo
700 1243 868 1282 Maenala
889 1243 1088 1294 Nymphis,

210 1311 300 1349 Aut
320 1324 418 1348 acres
438 1310 597 1347 venabor
615 1323 722 1360 apros
739 1325 749 1347 :
781 1324 851 1346 non
880 1324 936 1347 me
957 1309 1028 1346 ulla
1048 1309 1224 1346 vetabunt

212 1376 369 1428 Frigora
395 1376 609 1413 Parthenios
635 1377 783 1414 canibus
803 1377 1024 1413 circumdare
1044 1375 1168 1412 saltus.

216 1442 300 1480 Jam
319 1442 406 1479 mihi
426 1457 491 1492 per
509 1456 617 1492 rupes
633 1442 757 1479 videor
771 1443 946 1493 lucosque
962 1442 1119 1479 sonantis

215 1508 302 1553 Ire;
332 1508 422 1546 libet
444 1509 583 1546 Partho
603 1518 774 1559 torquere
795 1508 963 1559 Cydonia
983 1522 1096 1545 cornu

215 1574 368 1625 Spicula
383 1591 392 1614 z
417 1585 601 1625 tamquam
618 1576 706 1613 haec
721 1576 793 1612 sint
812 1575 924 1612 nostri
944 1574 1118 1611 medicina
1136 1573 1280 1619 furoris,

212 1640 303 1680 Aut
322 1640 410 1678 deus
429 1641 489 1677 ille
508 1640 608 1678 malis
628 1641 815 1678 hominum
838 1641 1023 1678 mitescere
1043 1640 1172 1678 discat.

214 1707 298 1745 Jam
317 1721 434 1757 neque
455 1706 735 1757 Hamadryades
750 1721 905 1751 rursum,
925 1721 990 1744 nec
1007 1707 1164 1744 carmina
1179 1706 1283 1744 nobis

216 1772 306 1822 Ipsa
324 1772 494 1824 placent:
524 1773 635 1823 ipsae,
664 1787 806 1811 rursum
825 1773 1027 1818 concedite,
1055 1772 1175 1810 silvae.

217 1839 307 1876 Non
327 1838 428 1876 illum
447 1839 561 1876 nostri
580 1848 732 1889 possunt
751 1849 890 1876 mutare
910 1839 1049 1876 labores
1067 1854 1076 1876 :

218 1904 316 1948 Nec,
336 1904 364 1940 si
383 1903 582 1956 frigoribus
601 1906 728 1943 mediis
749 1907 994 1955 Hebrumque
1015 1905 1194 1950 bibamus,

221 1970 480 2021 Sithoniasque
501 1970 596 2008 nives
617 1971 742 2008 hiemis
762 1972 951 2008 subeamus
971 1984 1151 2021 aquosae3

220 2036 316 2080 Nec,
345 2037 388 2081 si,
409 2050 523 2087 quum
542 2036 695 2074 moriens
715 2036 786 2073 alta
805 2036 896 2073 liber
915 2045 990 2073 aret
1010 2036 1045 2073 in
1067 2036 1179 2080 ulmo,

221 2102 458 2152 Aethiopum
477 2116 656 2140 versemus
675 2103 750 2140 ovis
772 2103 836 2140 sub
858 2102 970 2139 sidere
991 2103 1135 2140 Cancri.

226 2167 359 2217 Omnia
377 2168 488 2219 vincit
505 2169 632 2211 Amor
648 2185 658 2209 :
689 2180 727 2209 et
747 2183 813 2208 nos
834 2170 1002 2209 cedamus
1020 2168 1168 2209 Amori„

1484 1411 1493 1535 ‹.--...4.
1487 1278 1493 1398 -a-„n
1490 1248 1493 1264 μ
1491 1232 1493 1239 .
1490 1189 1493 1223 -ᾼ
