1493 2605
187 300 219 327 ν,
239 293 325 329 105.
479 287 828 328 GEORGICON
883 289 965 328 ΙΙΙ.
1185 290 1231 327 81

179 402 306 451 Quum
325 413 404 450 spes
423 409 582 438 arrectae
595 402 781 451 juvenum,
800 399 1088 450 exsultantiaque
1103 399 1225 437 haurit

177 466 298 504 Corda
316 473 429 516 pavor
447 466 591 518 pulsans
608 468 621 504 ἓ
648 466 699 503 illi
719 467 853 504 instant
874 467 1019 503 verbere
1040 475 1158 510 torto,

177 531 232 569 Et
251 532 355 583 proni
375 533 462 569 dant
480 532 556 570 lora
573 548 581 571 ε
613 533 711 570 volat
730 534 764 570 vi
783 533 940 570 fervidus
958 532 1034 570 axis
1051 548 1061 570 :

176 599 329 649 Jamque
347 599 513 644 humiles,
528 602 675 651 jamque
693 600 779 637 elati
798 600 963 644 sublime,
983 600 1149 637 videntur

175 665 281 703 Aera
299 679 365 716 per
383 679 536 702 vacuum
555 665 652 710 ferri,
672 674 783 715 atque
802 679 988 717 assurgere
1007 667 1044 702 in
1063 679 1180 703 auras.

175 730 257 768 Nec
276 745 390 776 mora,
409 745 475 769 nec
495 733 636 782 requies
653 749 664 778 3
694 742 731 769 at
747 732 864 769 fulvae
884 733 1025 770 nimbus
1044 745 1170 769 arenae

173 796 366 843 Tollitur3
396 798 614 835 humescunt
643 798 778 848 spumis
803 799 963 848 flatuque
983 807 1222 849 sequentum:

175 863 322 901 Tantus
342 878 442 901 amor
458 864 620 910 laudum,
640 875 763 903 tantae
782 875 835 903 est
856 866 1007 903 victoria
1024 878 1130 902 curae
1149 867 1158 903 !

175 929 319 967 Primus
341 931 608 968 Erichthonius
635 946 762 969 currus
781 941 818 969 et
839 941 996 983 quatuor
1013 945 1121 968 ausus

173 997 198 1034 J
201 1011 333 1049 ungere
352 1011 478 1048 equos,
498 998 718 1048 rapidusque
737 999 826 1035 rotis
845 999 1007 1035 insistere
1027 998 1156 1035 victor.

173 1064 291 1102 Frena
312 1065 534 1102 Pelethronii
563 1066 745 1115 Lapithae
765 1078 950 1117 gyrosque
970 1065 1116 1110 dedere,

171 1132 343 1182 Impositi
361 1132 483 1176 dorso,
512 1141 622 1182 atque
640 1133 799 1182 equitem
823 1132 980 1169 docuere
1000 1132 1067 1169 sub
1088 1131 1193 1168 armis

173 1199 354 1236 Insultare
373 1198 464 1242 solo,
483 1207 519 1236 et
540 1212 684 1250 gressus
704 1198 905 1249 glomerare
925 1199 1113 1250 superbos.

172 1264 333 1315 Aequus
355 1274 509 1315 uterque
528 1265 631 1301 labor
648 1280 657 1302 :
683 1268 1042 1316 aequejuvenemque
1060 1266 1225 1317 magistri

173 1331 400 1381 Exquirunt‚
420 1331 651 1381 calidumque
671 1332 808 1377 animis,
828 1317 864 1369 et
881 1331 1044 1375 cursibus
1063 1346 1180 1370 acrem
1196 1348 1209 1380 ς

172 1397 348 1448 Quamvis
368 1411 473 1448 saepe
493 1397 583 1449 fuga
601 1412 720 1435 versos
739 1398 797 1435 ille
816 1398 932 1449 egerit
951 1399 1080 1443 hostis,

171 1463 226 1501 Et
245 1464 401 1514 patriam
421 1465 577 1515 Epirum
598 1464 742 1510 referat,
770 1464 951 1515 fortisque
971 1464 1165 1515 Mycenas,

170 1531 409 1582 Neptunique
429 1532 506 1582 ipsa
525 1531 684 1569 deducat
704 1532 843 1584 origine
863 1542 1024 1584 gentem.

224 1597 299 1634 His
318 1598 582 1642 animadversis,
603 1599 738 1636 instant
758 1599 824 1635 sub
846 1608 1002 1649 tempus,
1022 1608 1060 1637 et
1077 1599 1193 1636 omnis

172 1662 397 1713 Impendunt
415 1678 518 1701 curas
537 1665 646 1702 denso
666 1666 869 1703 distendere
889 1664 1034 1716 pingui,

170 1731 293 1779 Quem
312 1729 431 1782 legere
450 1730 593 1775 ducem,
613 1740 650 1768 et
669 1732 792 1781 pecori
812 1732 935 1769 dixere
954 1732 1148 1779 maritum;

170 1797 429 1848 Pubentesque
449 1808 572 1835 secant
592 1798 734 1843 herbas,
755 1799 957 1849 fluviosque
976 1800 1192 1845 ministrant,

171 1863 354 1914 Farraque
371 1880 381 1910 3
411 1879 454 1902 ne
474 1865 608 1902 blando
629 1875 784 1916 nequeat
805 1879 988 1916 superesse
1007 1865 1136 1912 labori,

170 1929 397 1980 Invalidique
415 1939 558 1980 patrum
577 1930 730 1968 referant
745 1932 878 1982 jejunia
897 1932 984 1968 nati.

172 1996 259 2045 Ipsa
277 2006 398 2034 autem
417 1997 529 2034 macie
548 2006 700 2034 tenuant
718 2009 878 2035 armenta
897 1998 1056 2036 volentes
1072 2014 1085 2044 3

169 2063 317 2112 Atque,
335 2063 398 2100 ubi
417 2064 633 2101 concubitus
651 2064 786 2114 primos
800 2067 874 2116 jam
894 2074 980 2102 nota
999 2064 1165 2115 voluptas

173 2128 372 2174 Sollicitat,
390 2129 599 2180 frondisque
619 2140 768 2182 negant,
787 2141 824 2169 et
843 2130 1007 2168 fontibus
1025 2141 1162 2169 arcent.

173 2194 289 2244 Saepe
308 2195 418 2233 etiam
437 2210 544 2236 cursu
560 2197 743 2248 quatiunt,
764 2207 800 2235 et
821 2197 893 2236 sole
912 2197 1082 2249 fatigant,

223 2259 340 2298 ΤοΜ,
372 2261 404 2298 Ι.
703 2264 738 2302 L
