1529 2693
229 299 263 328 v.
288 287 320 322 1.
594 280 902 320 BUCOLICA.

1254 284 1278 318 &t

578 528 819 568 ECLOGA
876 528 933 567 11.

454 661 1060 722 ALEXIS.

233 794 475 833 Foamosum
498 801 622 842 pastor
641 792 815 842 Corydon
835 792 983 829 ardebat
1003 793 1156 838 Alexin,

233 861 395 899 Delicias
414 859 546 897 domini
564 874 573 897 ε
604 873 682 903 nec,
704 858 791 908 quid
811 868 981 908 speraret,
1002 859 1174 898 habebat.

234 926 399 965 Tantum
418 926 511 963 inter
529 927 668 969 densas,
687 926 855 962 umbrosa
870 925 1066 969 cacumina,
1088 925 1191 977 fagos

231 994 394 1033 Assidue
414 993 602 1030 veniebat:
631 992 680 1028 ibi
698 992 786 1029 haec
804 992 986 1029 incondita
1005 992 1101 1029 solus

233 1059 425 1098 Montibus
444 1068 482 1095 et
502 1057 594 1095 silvis
614 1058 733 1095 studio
748 1059 910 1109 jactabat
929 1058 1021 1095 inani
1039 1074 1049 1096 ε

286 1126 321 1163 O
342 1124 495 1162 crudelis
514 1123 628 1161 Alexi
644 1127 652 1161 !
685 1124 772 1160 nihil
801 1138 877 1161 mea
896 1124 1050 1161 carmina
1069 1137 1171 1162 curas
1188 1125 1203 1162 ?

231 1192 296 1231 Nil
315 1191 427 1228 nostri
446 1190 608 1228 miserere
625 1191 638 1228 ἓ
665 1191 755 1226 mori
777 1204 832 1227 me
852 1191 1004 1240 denique
1025 1206 1145 1242 coges.

232 1258 342 1297 Nunc
362 1257 467 1295 etiam
487 1257 645 1307 pecudes
665 1257 807 1292 umbras
826 1266 862 1293 et
882 1256 1018 1307 frigora
1038 1267 1185 1305 captant
1202 1274 1214 1303 ;

231 1326 340 1364 Nunc
360 1324 478 1361 viridis
497 1323 604 1360 etiam
623 1322 808 1359 occultant
837 1323 975 1373 spineta
994 1324 1146 1363 lacertos
1163 1342 1175 1372 3

232 1389 421 1440 Thestylis
439 1399 476 1427 et
495 1389 620 1440 rapido
641 1389 741 1426 fessis
760 1390 972 1427 messoribus
992 1400 1106 1435 aestu,

231 1457 336 1496 Allia
355 1456 638 1507 serpyllumque,
658 1456 785 1492 herbas
804 1457 996 1494 contundit
1015 1458 1144 1496 olentis
1162 1474 1172 1496 :

231 1525 293 1561 At
313 1537 455 1561 mecum
475 1523 603 1565 raucis,
634 1534 698 1559 tua
718 1522 803 1558 dum
823 1523 972 1574 vestigia
991 1522 1106 1560 lustro

234 1590 318 1630 Sole
339 1590 404 1626 sub
424 1588 576 1632 ardenti,
595 1598 763 1626 resonant
783 1590 928 1626 arbusta
947 1590 1090 1627 cicadis.

232 1656 363 1695 Nonne
382 1654 451 1692 fuit
472 1655 595 1698 satius,
617 1654 728 1691 tristis
749 1654 985 1705 Amaryllidis
1005 1656 1071 1692 iras

231 1723 363 1772 Atque
384 1722 534 1772 superba
554 1721 629 1770 pati
649 1719 790 1756 fastidia
808 1722 820 1758 ?
850 1735 967 1758 nonne
984 1721 1205 1761 Menalcan?

232 1788 407 1838 Quamvis
427 1786 486 1823 ille
507 1787 620 1837 niger,
645 1787 804 1836 quamvis
824 1795 865 1822 tu
885 1787 1056 1824 candidus
1070 1802 1176 1827 esses,

233 1856 268 1893 Ο
291 1855 446 1891 formose
467 1868 554 1903 puer
572 1856 579 1890 Ξ
612 1853 758 1889 nimium
778 1867 820 1889 ne
840 1854 945 1890 crede
965 1854 1075 1890 colori
1094 1870 1104 1892 ε

231 1921 334 1960 Alba
354 1921 501 1972 ligustra
519 1920 666 1963 cadunt,
687 1919 847 1956 vaccinia
867 1920 969 1970 nigra
988 1919 1175 1970 leguntur.

276 1988 484 2037 Despectus
503 1986 569 2023 tibi
590 2000 680 2030 sum,
702 2000 781 2029 nec,
801 1986 863 2035 qui
885 1988 961 2028 sim,
978 1988 1129 2035 quaeris,
1148 1987 1280 2034 Alexi;

232 2055 354 2103 Quam
373 2053 469 2090 dives
488 2052 627 2102 pecoris
647 2051 749 2096 nivei,
771 2066 877 2101 quarn
898 2051 999 2088 lactis
1019 2053 1214 2091 abundans.

233 2118 338 2157 Mille
357 2132 454 2155 meae
476 2118 607 2156 Siculis
634 2127 753 2154 errant
772 2118 805 2153 in
827 2118 1008 2154 montibus
1036 2132 1147 2169 agnae
1165 2134 1175 2157 ε

233 2185 313 2233 Lac
333 2185 417 2223 mihi
439 2199 508 2223 non
528 2193 663 2223 aestate
683 2197 828 2229 novum,
848 2198 918 2221 non
937 2183 1071 2236 frigore
1091 2185 1204 2228 defitz,
