1493 2605
219 323 296 361 206
518 319 820 360 AENEIDOS
876 320 952 360 IV.
1125 336 1160 362 v.
1175 323 1264 363 103.

218 432 409 483 Auspiciis
427 447 436 471 ι
457 431 563 470 liceat
585 432 750 484 Phrygio
769 431 897 470 servire
916 432 1060 479 marito,

217 499 438 550 Dotalisque
457 508 541 536 tuae
559 499 698 548 Tyrios
715 499 922 549 permittere
941 500 1103 539 dextrae.

272 567 363 610 Olli,
383 565 490 603 sensit
509 566 601 602 enim
623 564 788 602 simulata
807 574 927 603 mente
945 565 1121 614 locutam,

216 634 304 683 Quo
326 645 476 683 regnum
498 631 624 669 Italiae
645 632 808 682 Libycas
827 641 1004 670 averteret
1023 646 1116 677 oras,

217 701 279 737 Sic
300 708 427 736 contra
445 707 499 736 est
518 698 679 750 ingressa
698 699 847 736 Venus:
874 699 969 749 Quis
987 698 1072 737 talia
1091 700 1236 740 demens

214 768 389 811 Abnuat‚
415 775 479 803 aut
498 774 620 803 tecum
639 765 740 804 malit
759 766 978 804 contendere
1005 765 1101 804 bello
1118 767 1132 805 ἓ

216 833 255 870 Si
275 833 398 876 modo,
426 833 526 882 quod
546 845 733 877 memoras,
752 832 891 870 factum
911 832 1057 871 fortuna
1075 842 1260 885 sequatur.

216 900 289 938 Sed
310 899 394 937 fatis
412 899 548 937 incerta
565 898 675 944 feror,
703 899 731 937 si
750 900 896 950 Jupiter
914 912 1021 937 umm

213 967 305 1005 Esse
323 965 409 1003 velit
428 965 554 1016 Tyriis
573 966 712 1010 urbem,
742 965 930 1017 Trojaque
948 965 1125 1016 profectis
1141 981 1155 1013 ς

212 1032 405 1070 Miscerive
424 1033 555 1082 probet
576 1032 745 1083 populos,
774 1042 837 1070 aut
858 1031 1004 1070 foedera
1017 1033 1139 1084 jungi.

211 1100 275 1137 Tu
294 1101 450 1150 conjunx
464 1115 475 1137 τ
507 1098 574 1136 tibi
594 1098 647 1136 fas
666 1099 824 1137 animum
842 1107 982 1136 tentare
1010 1099 1207 1149 precando.

211 1167 329 1218 Perge
346 1182 356 1205 :
386 1180 526 1218 sequar.
556 1166 657 1205 Tum
677 1166 727 1205 sic
745 1166 892 1217 excepit
911 1167 1009 1218 regia
1028 1168 1051 1205 J
1055 1181 1150 1206 uno:

263 1235 414 1272 Mecum
433 1235 502 1270 erit
521 1234 589 1271 iste
608 1232 724 1270 labor.
767 1234 877 1272 Nunc
896 1246 968 1284 qua
985 1234 1134 1279 ratione,
1159 1234 1261 1285 quod

209 1301 369 1339 confieri
388 1299 519 1351 possit,
534 1300 673 1350 paucis,
692 1300 851 1344 adverte,
871 1300 1025 1337 docebo.
1111 1300 1260 1352 [instat,

208 1369 393 1405 Venatum
414 1367 562 1404 Aeneas
581 1380 723 1417 unaque
744 1367 939 1404 miserrima
961 1368 1064 1406 Dido

208 1435 252 1472 In
274 1447 398 1471 nemus
417 1434 467 1470 ire
486 1443 626 1483 parant,
656 1433 718 1470 ubi
738 1433 872 1485 primos
891 1433 1069 1471 crastinus
1088 1443 1192 1472 ortus

208 1500 394 1538 Extulerit
415 1500 542 1544 Titan,
572 1500 750 1550 radiisque
770 1501 941 1537 retexerit
961 1501 1098 1538 orbem.

207 1568 282 1606 His
299 1582 370 1619 ego
391 1568 606 1619 nigrantem,
627 1566 825 1604 commixta
845 1567 1034 1619 grandine,
1055 1568 1230 1615 nimbum,

205 1635 311 1673 Dum
330 1634 512 1684 trepidant
531 1634 619 1678 alae,
639 1633 822 1685 saltusque
846 1634 1015 1686 indagine
1034 1635 1204 1687 cingunt,

204 1701 377 1750 Desuper
394 1699 593 1744 infundam,
613 1709 651 1738 et
670 1701 808 1738 tonitru
828 1701 971 1739 coelum
986 1715 1092 1739 omne
1109 1702 1227 1740 ciebo.

205 1769 417 1820 Diffugient
435 1768 599 1812 comites,
627 1777 665 1805 et
684 1777 793 1805 nocte
811 1777 985 1819 tegentur
1002 1782 1118 1819 opaca
1136 1783 1147 1808 ε

207 1835 427 1885 Speluncam
447 1835 552 1872 Dido
581 1835 655 1871 dux
675 1844 713 1872 et
733 1835 917 1886 Trojanus
934 1836 1097 1873 eamdem

204 1902 423 1941 Devenient.
455 1902 600 1946 Adero,
621 1911 673 1946 et,
693 1911 756 1939 tua
778 1902 804 1939 si
825 1902 912 1939 mihi
931 1911 1029 1939 certa
1049 1902 1227 1947 voluntas

204 1969 398 2007 Connubio
412 1971 565 2020 jungam
587 1968 719 2013 stabili,
740 1968 995 2021 propriamque
1014 1969 1157 2009 dicabo,

204 2037 283 2074 Hic
305 2036 544 2086 Hymenaeus
562 2035 642 2073 erit.
673 2036 756 2073 Non
778 2036 963 2072 adversata
980 2035 1121 2085 petenti

202 2102 350 2141 Adnuit
368 2111 478 2152 atque
497 2101 588 2138 dolis
607 2101 683 2139 risit
705 2102 889 2152 Cytherea
908 2102 1073 2151 repertis.

256 2170 445 2207 Oceanum
465 2169 600 2206 interea
619 2182 768 2220 surgens
788 2169 939 2205 Aurora
957 2167 1126 2220 relinquit
1143 2183 1154 2208 z

204 2237 241 2276 It
263 2236 376 2287 portis
390 2237 517 2289 jubare
536 2244 666 2274 exorto
687 2235 828 2274 delecta
841 2237 1023 2286 juventus.
