1493 2605
168 297 202 319 v.
220 284 308 320 355.
446 278 790 319 GEORGICON
848 278 919 317 IV.
1135 284 1203 319 111

168 393 302 431 Tristis
322 391 512 430 Aristaeus
533 391 641 428 Penei
658 391 832 442 genitoris
851 391 895 428 ad
915 391 1049 428 undam

167 461 252 497 Stat
272 458 471 502 lacrimans,
490 466 528 495 et
547 466 584 494 te
604 457 785 494 crudelem
804 457 945 494 nomine
964 457 1066 494 dicit.

166 524 284 569 Huic,
305 537 472 574 percussa
490 537 582 560 nova
601 533 756 561 mentem
777 523 981 567 formidine,
1002 536 1127 568 mater,

165 592 268 635 Duc,
287 605 366 642 age,
386 591 459 627 duc
478 591 523 627 ad
541 604 605 627 nos
623 606 633 635 3
661 589 714 626 fas
741 589 791 626 illi
809 590 930 626 limina
948 590 1069 627 divom

167 656 350 708 Tangere,
370 657 433 695 ait.
477 657 580 694 simul
598 656 670 693 alta
683 657 788 708 jubet
808 656 989 694 discedere
1007 656 1079 693 late

166 723 343 769 Flumina,
363 738 434 774 qua
447 724 586 775 juvenis
607 723 749 774 gressus
769 722 915 760 inferret
933 739 941 762 ε
971 732 1009 760 at
1028 723 1129 761 illum

166 791 324 830 Curvata
343 790 378 826 in
397 790 530 827 montis
550 789 675 826 faciem
697 789 939 827 circumstetit
961 791 1068 836 unda,

164 857 402 907 Accepitque
421 857 499 894 sinu
518 866 630 901 vasto,
654 855 821 905 misitque
841 857 907 893 sub
926 869 1079 894 amnem.

164 923 317 973 Jamque
336 923 483 960 domum
502 923 630 959 mirans
651 922 853 973 genetricis,
872 931 909 960 et
924 922 1071 960 humida
1085 937 1208 976 regna,

168 989 429 1039 Speluncisque
448 989 545 1026 lacus
565 989 718 1032 clausos,
736 989 910 1039 lucosque
931 990 1103 1034 sonantis,

169 1056 268 1101 Ibat,
283 1065 334 1101 et,
354 1057 492 1107 ingenti
513 1065 612 1093 motu
634 1055 860 1105 stupefactus
879 1070 1066 1106 aquarum,

165 1122 300 1160 Omnia
319 1124 385 1160 sub
405 1136 535 1173 magna
554 1122 709 1159 labentia
729 1122 874 1159 flumina
902 1132 998 1160 terra

170 1190 383 1239 Spectabat,
403 1189 539 1226 diversa
558 1188 646 1225 locis
664 1204 674 1233 3
706 1188 938 1239 Phasimque,
962 1191 1197 1241 Lycumque,

166 1256 217 1293 Et
237 1265 362 1306 caput,
383 1256 476 1292 unde
495 1255 588 1292 altus
608 1255 764 1305 primum
781 1269 816 1292 se
835 1257 993 1306 erumpit
1015 1257 1189 1309 EnipeuS,

166 1323 275 1360 Unde
293 1331 397 1372 pater
414 1321 623 1366 Tiberinus,
643 1330 679 1358 et
696 1322 790 1359 unde
805 1322 953 1359 Aniena
972 1323 1118 1368 fluenta,

165 1388 417 1439 Saxosumque
435 1402 561 1426 sonans
583 1388 769 1439 Hypanis,
790 1388 996 1438 Mysusque
1016 1391 1162 1433 Caseus,

165 1455 230 1499 Et,
250 1455 392 1506 gemina
411 1465 556 1492 auratus
574 1456 716 1493 taurino
737 1469 871 1493 cornua
891 1455 1006 1499 volui,

165 1520 356 1566 Eridanus,
377 1536 449 1572 quo
470 1536 539 1559 non
559 1522 647 1560 alius
666 1537 731 1573 per
750 1523 898 1573 pinguia
916 1522 1016 1559 culta

165 1589 208 1626 In
227 1601 321 1624 mare
343 1602 565 1638 purpureum
586 1589 776 1626 violentior
794 1588 909 1626 effluit
929 1589 1056 1626 amnis.

218 1654 417 1704 Postquam
436 1663 490 1691 est
509 1654 543 1691 in
563 1654 709 1692 thalami
738 1654 931 1705 pendentia
950 1654 1092 1704 pumice
1111 1664 1208 1693 tecta

167 1721 396 1765 Perventum,
415 1731 452 1758 et
472 1721 574 1772 gnati
593 1721 699 1758 fletus
719 1721 892 1772 cognovit
913 1722 1032 1758 inanes

166 1791 307 1838 Cyrene
325 1804 336 1833 ;
356 1788 517 1825 manibus
535 1788 691 1838 liquidos
709 1788 797 1824 dant
817 1787 941 1825 ordine
964 1787 1076 1826 fontis

166 1855 382 1898 Germanae,
401 1854 586 1904 tonsisque
608 1852 728 1891 ferunt
748 1853 914 1891 mantelia
935 1853 1036 1891 villis,

165 1920 252 1957 Pars
272 1920 386 1970 epulis
405 1930 554 1957 onerant
574 1934 721 1965 mensas,
740 1929 777 1957 et
797 1919 901 1970 plena
920 1930 1099 1969 reponunt

167 1986 329 2025 Pocula:
361 1987 558 2024 Panchaeis
580 1986 790 2024 adolescunt
810 1987 956 2037 ignibus
977 2001 1056 2024 arae
1074 2003 1084 2026 z

168 2050 219 2089 Et
239 2062 364 2096 mater,
394 2055 495 2103 Cape
517 2052 678 2090 Maeonii
697 2053 879 2090 carchesia
900 2053 1038 2090 Bacchi
1055 2070 1066 2101 ς

168 2118 317 2156 Oceano
335 2119 499 2165 libemus,
520 2121 583 2157 ait.
642 2119 758 2158 Simul
775 2119 853 2170 ipsa
872 2130 1042 2170 precatur

166 2184 427 2235 Oceanumque
446 2194 585 2236 patrem
603 2199 736 2230 rerum,
757 2186 1022 2238 Nymphasque
1040 2201 1188 2232 soror-ea,
