1493 2605
199 264 277 303 140
516 262 816 303 AENEIDOS
873 264 906 302 Ι.
1102 277 1135 302 v.
1155 264 1246 305 573.

202 375 344 413 Urbem
364 387 473 424 quam
495 382 631 419 statuo,
660 385 778 412 vestra
797 383 850 412 est
867 390 877 420 ;
908 374 1098 412 subducite
1118 388 1222 413 naves
1239 389 1251 420 ς

200 440 299 478 Tros
320 440 531 491 Tyriusque
552 441 638 478 mihi
660 440 759 478 nullo
779 441 981 478 discrimine
1002 450 1145 493 agetur.

199 508 334 557 Atque
354 508 490 545 utinam
511 521 572 544 rex
593 508 683 557 ipse,
712 507 817 545 Noto
837 507 1046 558 compulsus
1064 508 1206 554 eodem,

200 573 366 612 Adforet
387 574 534 611 Aeneas
552 577 561 611 !
593 573 760 624 equidem
781 587 847 624 per
865 573 988 611 littora
1007 583 1128 611 certos

200 640 412 684 Dimittam‚
440 649 477 678 et
500 640 643 691 Libyae
662 640 815 678 lustrare
834 650 995 678 extrema
1009 641 1146 693 jubebo
1165 656 1175 686 3

203 706 243 743 Si
263 706 396 756 quibus
414 707 550 758 ejectus
570 706 664 744 silvis
683 718 746 744 aut
767 707 917 744 urbibus
935 716 1044 745 errat.

258 773 331 810 His
346 773 502 810 animum
523 774 651 811 arrecti
672 775 792 818 dictis,
822 784 859 812 et
876 773 979 811 fortis
999 773 1168 811 Achates

203 839 258 877 Et
278 848 383 888 pater
404 840 552 877 Aeneas
567 841 780 892 jamdudum
799 854 986 890 erumpere
1007 840 1139 877 nubem

203 905 415 944 Ardebant.
475 907 580 944 Prior
600 908 765 945 Aeneam
786 906 983 956 compellat
1003 906 1169 944 Achates
1183 920 1194 942 :

205 971 304 1010 Nate
324 973 401 1016 dea,
432 987 522 1022 quae
543 987 636 1011 nunc
657 974 775 1010 animo
796 973 971 1010 sententia
991 971 1108 1023 surgit
1126 972 1140 1009 ?

206 1040 342 1078 Omnia
361 1050 442 1077 tuta
462 1041 583 1086 vides;
613 1041 774 1085 classem,
805 1041 995 1090 sociosque
1016 1049 1195 1089 receptos.

207 1107 316 1144 Unus
335 1108 450 1151 abest,
479 1108 600 1144 medio
618 1108 652 1144 iu
675 1108 791 1144 fluctu
813 1121 919 1157 quem
940 1107 1092 1144 vidimus
1110 1106 1179 1156 ipsi

208 1175 445 1212 Submersum
464 1190 474 1212 ε
505 1174 612 1211 dictis
632 1175 850 1224 respondent
870 1183 991 1211 cetera
1009 1173 1146 1210 matris.

207 1242 282 1279 Vix
304 1256 345 1279 ea
365 1242 461 1279 fatus
480 1250 571 1284 erat,
601 1255 715 1292 quum
745 1240 965 1278 circumfusa
985 1250 1132 1291 repente

211 1307 355 1345 scindit
376 1322 412 1345 se
433 1308 559 1351 nubes,
588 1316 625 1344 et
646 1306 680 1343 in
700 1306 844 1343 aethera
863 1316 998 1358 purgat
1018 1316 1197 1357 apertum.

212 1374 367 1412 Restitit
396 1375 559 1418 Aeneas,
588 1373 755 1423 claraque
772 1374 806 1409 in
825 1372 905 1410 luce
925 1373 1079 1417 refulsit,

211 1440 267 1478 Os
286 1440 526 1491 humerosque
543 1441 610 1477 deo
631 1440 752 1476 similis
771 1454 781 1483 ς
813 1453 965 1489 namque
985 1440 1062 1490 ipsa
1082 1440 1248 1477 decoram

211 1506 413 1544 Caesariem
434 1517 520 1544 nato
541 1507 720 1556 genetrix,
750 1506 943 1555 lumenque
959 1509 1129 1557 juventae

212 1573 456 1623 Purpureum,
485 1583 521 1610 et
542 1573 656 1610 laetos
675 1572 788 1609 oculis
808 1572 955 1609 adflarat
976 1573 1131 1609 honores
1149 1588 1158 1610 ε

213 1639 332 1688 Quale
352 1654 476 1677 manus
496 1639 635 1676 addunt
655 1639 754 1676 ebori
775 1639 898 1683 decus,
927 1648 990 1675 aut
1012 1640 1072 1676 ubi
1094 1639 1184 1677 flavo

214 1706 446 1758 Argentum,
477 1707 645 1744 Pariusve
677 1705 780 1755 lapis,
809 1706 1056 1744 circumdatur
1074 1720 1175 1745 auro.

214 1772 317 1810 Tum
337 1773 387 1809 sic
407 1773 568 1824 reginam
588 1772 798 1822 alloquitur,
830 1771 1043 1823 cunctisque
1072 1783 1218 1823 repente

217 1839 440 1889 Improvisus
460 1839 510 1876 ait
528 1855 537 1877 z
569 1840 719 1883 Coram,
739 1853 846 1890 quem
863 1839 1047 1890 quaeritis,
1076 1840 1215 1885 adsum,

215 1907 355 1945 Tro'i'us
376 1907 536 1948 Aeneas,
567 1906 722 1956 Libycis
742 1917 889 1956 ereptus
908 1907 953 1944 ab
976 1907 1093 1943 undis.

218 1972 255 2010 O
277 1971 352 2009 sola
370 1972 535 2009 infandos
556 1972 692 2024 Trojae
708 1973 873 2010 miserata
891 1972 1030 2010 labores
1046 1975 1053 2010 !

218 2040 325 2088 Quae
345 2052 422 2082 nos,
452 2038 617 2090 reliquias
647 2040 832 2083 Danaum,
860 2050 1047 2089 terraeque
1068 2039 1246 2089 marisque

220 2104 401 2142 Omnibus
420 2105 615 2142 exhaustos
631 2108 704 2157 jam
725 2106 878 2150 casibus,
908 2105 1067 2142 omnium
1087 2118 1234 2156 egenos,

221 2173 339 2221 Urbe,
368 2172 491 2219 domo,
521 2172 663 2220 socias;
691 2182 812 2225 grates
831 2172 1034 2224 persolvere
1053 2172 1180 2223 dignas
