1493 2605
201 344 234 368 v.
253 333 344 370 663.
518 318 818 387 AENmnos·
875 328 933 369 11.
1173 329 1245 370 171

199 443 339 480 Natum
350 450 431 478 ante
443 454 505 478 ora
517 441 642 491 patris,
664 448 801 490 patrem
816 441 876 492 qui
889 440 1086 478 obtruncat
1098 441 1143 477 ad
1155 454 1246 479 aras.

199 509 289 546 Hoc
308 519 398 552 erat,
419 507 510 545 alma
526 521 665 558 parens»,
685 508 788 558 quod
807 521 860 544 me
877 506 1044 557 per-tela,
1062 521 1127 556 per
1140 508 1247 558 ignis,

199 575 334 624 Eripis,
355 583 396 611 ut
417 575 540 611 mediis
560 574 702 611 hostem
722 574 756 610 in
786 574 1044 624 penetralibus»,
1066 582 1180 623 utque

198 640 414 684 Ascanium,
436 649 649 690 patremque
669 654 802 684 meum,
818 643 995 690 juxtaque
1015 640 1206 685 Creiisam,

196 706 371 744 Alterum
391 708 424 743 in
447 707 592 744 alterius
612 716 790 744 mactatos
810 709 997 757 sanguine,
1021 706 1195 745 cernam?

196 774 329 816 Arma,
350 774 427 816 viri,
454 772 546 810 ferte
567 787 661 809 arma
682 788 691 810 ε
722 783 828 810 vocat
849 772 910 809 lux
932 772 1057 809 ultima
1075 782 1205 810 victos.

198 838 358 875 Reddite
378 853 433 876 me
454 839 593 877 Danais
610 855 619 877 :
654 839 758 876 sinite
773 840 971 876 instaurata
991 838 1140 875 revisam

197 905 348 942 Proelia.
392 906 601 956 Numquam
622 920 744 943 omnes
764 906 870 943 hodie
890 906 1085 942 moriemur
1102 904 1220 943 inulti.

250 972 351 1010 Hinc
372 972 466 1009 ferro
485 972 658 1023 accingor
687 985 823 1016 rursus,
853 971 1043 1024 clipeoque
1068 972 1247 1010 sinistram

195 1039 420 1077 Insenabam
440 1048 580 1089 aptans,
606 1052 734 1089 meque
753 1049 856 1076 extra
876 1047 975 1076 tecta
992 1038 1164 1076 ferebam.

195 1106 296 1143 Ecce
315 1108 322 1144 !
356 1117 490 1149 autem,
509 1105 700 1155 complexa
720 1106 844 1155 pedes,
865 1105 899 1142 in
919 1105 1040 1143 limine
1060 1108 1218 1158 conjunx

194 1172 398 1216 Haerebat,
418 1186 640 1222 parvumque
661 1172 757 1222 patri
776 1171 950 1209 tendebat
974 1171 1118 1210 lulum:

195 1239 233 1276 Si
254 1238 433 1288 periturus
452 1239 540 1283 abis,
568 1248 605 1275 et
625 1252 688 1275 nos
709 1252 793 1289 rape
812 1239 849 1275 in
867 1239 987 1275 omnia
1006 1248 1130 1276 tecum
1148 1254 1160 1284 ς

194 1305 257 1342 Sin
278 1304 435 1355 aliquam
454 1314 626 1355 expertus
646 1305 772 1342 sumtis
793 1319 892 1355 spem
913 1306 1018 1355 ponis
1039 1307 1073 1342 in
1099 1305 1219 1350 armis,

193 1370 306 1408 Hanc
328 1372 481 1421 primum
503 1380 623 1408 tutare
642 1359 803 1408 domum.
835 1372 906 1410 Cui
927 1385 1057 1422 parvus
1075 1371 1191 1416 Iulus,

192 1438 264 1476 Cui
285 1448 399 1487 pater,
419 1448 456 1475 et
472 1440 629 1489 conjunx
646 1438 828 1488 quondam
841 1447 904 1475 tua
919 1439 1018 1475 dicta
1033 1438 1246 1489 relinquor?

246 1504 354 1541 Talia
374 1503 588 1548 vociferans,
609 1505 749 1555 gemitu
762 1513 901 1541 tectum
922 1519 1028 1542 omne
1052 1504 1243 1558 replebat3

192 1572 316 1620 Quum
338 1570 497 1607 subitum
517 1571 691 1621 dictuque
710 1571 828 1608 oritur
846 1571 1005 1608 mirabile
1025 1584 1240 1611 monstrum.

192 1638 361 1687 Namque
381 1651 505 1674 manus
520 1638 627 1682 inter,
649 1640 944 1688 moestorumquc
959 1652 1021 1675 ora
1038 1649 1244 1690 parentum,

192 1705 292 1742 Eece
312 1707 320 1741 l
353 1704 437 1741 levis
457 1717 596 1740 summo
615 1705 660 1740 de
681 1705 814 1741 vertice
833 1705 928 1741 visus
951 1705 1023 1742 Iuli

193 1771 358 1807 Fundere
377 1770 497 1807 lumen
517 1784 623 1820 apex,
643 1780 820 1821 tactuque
839 1771 984 1808 innoxia
1003 1771 1121 1809 mollis

191 1837 370 1873 Lambere
391 1837 531 1873 flamma
549 1851 682 1879 comas,
703 1846 740 1875 et
759 1837 896 1874 circum
916 1846 1083 1888 tempora
1104 1839 1212 1889 pasci.

190 1903 269 1941 Nos
289 1904 407 1953 pavidi
428 1904 607 1953 trepidare
627 1913 740 1948 metu,
760 1905 966 1954 crinemque
987 1905 1201 1956 flagrantem

190 1970 390 2014 Excutere,
410 1980 446 2007 et
466 1979 609 2007 sanctos
629 1971 853 2022 restinguere
871 1970 1034 2008 fontibus
1052 1971 1167 2024 ignes.

190 2036 249 2073 At
271 2046 373 2086 pater
391 2037 578 2074 Anchises
597 2037 722 2074 oculos
742 2038 787 2075 ad
806 2037 919 2074 sidera
937 2036 1054 2075 laetus

191 2103 351 2148 Extuht,
372 2114 408 2141 et
427 2104 529 2142 coelo
550 2104 686 2155 palmas
705 2119 788 2142 cum
810 2118 898 2142 voce
918 2105 1073 2143 tetendit
1091 2119 1102 2144 ε

187 2171 335 2220 Jupiter
353 2172 596 2222 omnipotens,
617 2173 786 2222 precibus
807 2172 834 2209 si
855 2172 1008 2210 flecteris
1030 2171 1124 2217 ullis,

190 2238 358 2289 Adspice
379 2252 466 2286 nos3
496 2239 566 2277 hoc
586 2249 728 2278 tantum
749 2255 758 2277 ε
779 2248 832 2286 et,
851 2240 880 2277 si
900 2250 1036 2290 p1etate
1051 2253 1241 2288 meremur,

670 2306 706 2343 Y
737 2308 762 2343 ί.)
