1493 2605
163 314 196 349 v:
215 314 306 352 489.
494 301 794 350 AENEmos
852 311 886 350 12
1138 307 1212 356 13'?

154 421 325 472 ansque
344 420 451 466 acies,
480 430 518 459 et
537 421 631 473 nigri
650 421 857 460 Memnonis
876 436 984 460 arma.

153 487 275 525 Ducit
294 483 568 526 Amazonidum
586 488 717 525 lunatis
737 489 878 539 agmina
897 488 1005 539 peltis

153 552 379 590 Penthesilea
399 552 532 598 furens,
561 554 755 604 mediisque
781 555 815 591 in
835 553 992 592 millibus
1006 555 1120 601 ardet,

151 620 280 657 Aurea
299 621 513 658 subnectens
532 631 694 658 exsertae
714 621 861 672 cingula
880 635 1067 668 mammae,

152 685 353 732 Bellatrix;
382 687 563 737 audetque
583 688 664 724 viris
683 701 896 725 concurrere
916 688 1033 740 virgo,

203 753 310 790 Haec
330 753 416 789 dum
436 754 625 790 Dardanio
645 754 796 791 Aeneae
816 754 975 791 miranda
993 754 1173 800 videntur,

149 817 255 855 Dum
269 827 405 869 stupet,
433 820 642 869 obtutuque
661 819 785 857 haeret
800 820 941 857 defixus
960 821 996 858 in
1016 835 1088 858 uno
1103 836 1116 866 ς

152 884 295 936 Regina
315 885 360 922 ad
379 885 569 935 templum,
592 885 707 922 forma
725 885 979 936 pulcherrima,
1009 886 1116 924 Dido

150 952 318 995 Incessit,
338 965 468 1002 magna
481 954 653 1003 juvenum
681 952 836 1002 stipante
855 962 1011 990 caterva.

148 1017 279 1067 Qualis
298 1018 332 1054 in
355 1019 518 1055 Eurotae
538 1018 637 1068 ripis,
654 1027 717 1055 aut
736 1033 801 1068 per
815 1021 906 1070 juga
926 1018 1080 1069 Cynthi,

150 1084 311 1120 Exercet
333 1084 454 1121 Diana
475 1085 604 1121 choros
623 1100 633 1129 ;
663 1098 770 1134 quam
792 1085 886 1121 mille
905 1094 1049 1122 secutae

148 1151 251 1188 Hinc
262 1160 371 1200 atque
378 1151 460 1187 hinc
473 1151 720 1201 glomerantur
733 1152 908 1189 Oreades:
922 1151 982 1188 illa
994 1151 1199 1202 pharetram

149 1218 237 1255 Fert
255 1218 418 1261 humero,
439 1218 677 1268 gradiensque
698 1218 780 1254 deas
797 1219 1038 1268 supereminet
1052 1219 1166 1256 omnis
1183 1233 1196 1264 ς

147 1285 315 1322 Latonae
333 1284 485 1321 tacitum
505 1292 709 1333 pertentant
730 1284 862 1334 gaudia
882 1294 1009 1334 pectus
1027 1301 1038 1324 :

146 1349 250 1387 Talis
267 1359 343 1387 erat
363 1350 480 1392 Dido,
509 1349 618 1386 talem
639 1364 674 1387 se
693 1349 785 1387 laeta
805 1349 944 1388 ferebat

148 1417 218 1453 Per
236 1409 383 1460 medios,
413 1417 545 1453 instans
566 1416 666 1466 operi
686 1417 877 1468 regnisque
897 1415 1042 1454 futuris.

145 1482 246 1519 Tum
266 1482 405 1519 foribus
424 1483 538 1527 divae,
568 1483 682 1519 media
702 1483 884 1520 testudine
904 1483 1047 1533 templi,

148 1549 261 1598 Septa
279 1549 398 1594 armis,
418 1549 580 1598 solioque
601 1548 671 1585 alte
692 1549 860 1593 subnixa,
889 1549 1034 1587 resedit.

143 1618 166 1655 J
170 1630 232 1653 ura
250 1617 358 1653 dabat
376 1616 546 1666 legesque
566 1615 647 1651 viris
661 1631 672 1661 ;
702 1629 925 1666 operumque
939 1615 1101 1653 laborem

145 1684 316 1721 Partibus
336 1683 515 1732 aequabat
529 1683 650 1733 justis,
670 1692 733 1719 aut
754 1693 850 1719 sorte
870 1684 1037 1720 trahebat
1055 1698 1065 1721 :

145 1753 272 1801 Quum
292 1750 415 1787 subito
433 1751 580 1787 Aeneas
601 1764 777 1786 concursu
797 1753 966 1788 accedere
988 1765 1121 1802 magno

142 1816 298 1854 Anthea
315 1817 595 1866 Sergestumque
611 1816 720 1858 videt,
736 1814 940 1865 fortemque
956 1816 1192 1862 Cloanthum9·

144 1882 446 1931 Teucrorumque
466 1881 551 1917 alios
570 1897 580 1926 3
610 1891 687 1918 ater
706 1896 795 1931 quos
825 1896 980 1933 aequore
999 1883 1109 1920 turbo

143 1949 371 2000 Dispulerat,
399 1949 613 1998 penitusque
633 1948 717 1984 alias
736 1958 902 1986 avexerat
922 1963 1014 1988 oras.

142 2016 348 2065 Obstupuit
363 2015 467 2052 simul
487 2016 574 2065 ipse,
603 2015 708 2051 simul
728 2030 916 2065 percussus
938 2017 1108 2054 Achates

143 2082 377 2131 Laetitiaque
396 2091 568 2132 metuque
586 2097 594 2119 :
626 2081 718 2118 avidi
738 2085 955 2134 conjungere
975 2083 1121 2120 dextras

142 2149 362 2193 Ardebant;
391 2149 453 2186 sed
471 2162 525 2186 res
544 2149 678 2185 animos
697 2149 883 2200 incognita
900 2150 1038 2187 turbat.

142 2214 384 2253 Dissimulant
401 2231 412 2262 ;
441 2225 479 2254 et
497 2217 592 2254 nube
610 2230 696 2254 cava
722 2216 952 2267 speculantur
970 2215 1111 2259 amictis

194 2280 310 2320 Tom.
342 2282 376 2320 Ι.
701 2283 728 2320 S
