1493 2605
237 268 290 306 οε
523 267 867 307 GEORGICON
925 267 980 304 11.
1145 283 1177 305 v.
1195 270 1284 318 297,

239 377 330 415 Huc
349 378 446 423 illuc,
467 380 580 416 media
600 380 687 428 ipsa,
708 379 890 429 ingentem
910 378 1059 415 sustinet
1083 379 1257 427 umbram,

293 446 394 483 Neve
414 445 479 482 tibi
500 446 544 482 ad
565 445 685 482 Solem
707 453 856 495 vergant
876 445 993 481 vincta
1012 445 1201 482 cadentem
1220 460 1231 489 ;

239 511 340 548 Neve
361 512 452 548 inter
471 511 559 548 vites
578 511 742 547 curulum
764 524 838 547 sere
857 526 866 554 ς
898 524 983 547 neve
1004 510 1144 561 flagella

236 579 384 615 Summa
397 587 493 626 pete,
505 588 566 613 aut
581 591 717 613 summa
730 577 912 627 destringc
925 591 969 613 cx
983 577 1107 613 arbore
1124 576 1283 626 plantas;

232 644 377 682 Tantus
396 657 495 680 amor
514 654 627 680 terrae
643 646 651 680 !
684 657 752 680 neu
772 642 867 679 ferro
887 642 987 680 laede
1005 652 1128 680 retuso

233 711 374 749 Semina
392 727 402 754 ;
432 725 517 747 neve
536 710 635 748 oleae
654 710 822 747 silvestris
841 709 953 746 insere
973 718 1121 746 truncos
1139 723 1149 746 t

231 777 326 814 Nam
346 790 451 826 saepe
471 776 622 814 incautis
641 776 845 827 pastoribus
864 776 1000 813 excidit
1020 775 1126 825 ignis,

229 843 305 892 Qui
325 842 464 886 furtim,
484 843 610 893 pingui
629 843 783 892 primum
802 842 868 879 sub
888 842 1024 878 cortice
1042 850 1176 886 tectus,

231 910 383 946 Robora
401 909 642 960 comprendit,
662 908 878 957 frondesque
899 908 1042 957 elapsus
1058 907 1091 944 in
1112 908 1202 946 altas

229 976 422 1026 Ingentem
442 975 545 1012 coelo
566 975 722 1011 sonitum
744 974 843 1010 dedit
861 989 870 1018 ;
900 973 981 1010 inde
1001 984 1175 1024 sequutus

227 1043 297 1080 Per
315 1056 432 1078 ramos
452 1042 567 1078 victor
584 1055 720 1091 perque
739 1040 811 1077 alta
829 1041 1015 1077 cacumina
1033 1050 1174 1092 regnat,

224 1108 280 1145 Et
299 1117 418 1145 totum
438 1106 588 1144 involvit
610 1107 759 1144 flammis
780 1120 917 1150 nemuS,
937 1117 975 1143 et
995 1107 1066 1144 ruit
1086 1116 1200 1144 atram

222 1174 293 1212 Ad
311 1174 466 1218 coelum,
487 1174 589 1224 picea
609 1187 746 1210 crassus
765 1173 931 1223 caligine,
960 1174 1090 1210 nubem
1108 1188 1118 1210 :

223 1241 434 1279 Praesertim
456 1240 484 1277 si
502 1249 699 1290 tempestas
719 1253 738 1275 a
758 1239 891 1276 vertice
920 1239 1013 1276 silvis

223 1307 416 1350 Incubuit,
436 1305 684 1357 glomeratque
705 1305 820 1342 ferens
849 1305 1011 1342 incendia
1030 1315 1169 1343 ventus.

222 1372 312 1410 Hoc
333 1372 410 1416 ubi,
430 1386 499 1408 non
520 1386 540 1408 a
559 1371 672 1421 stirpe
692 1371 824 1415 valent,
855 1384 1047 1421 caesaeque
1067 1372 1196 1409 reverti

220 1438 392 1482 Possunt,
412 1447 521 1488 atque
542 1439 610 1474 ima
630 1437 759 1475 similes
779 1438 987 1474 revirescere
1009 1447 1102 1474 terra
1121 1453 1130 1475 ε

217 1505 352 1542 Infelix
372 1517 518 1554 superat
537 1504 631 1541 foliis
646 1504 797 1541 oleaster
815 1503 951 1540 amaris.

269 1573 350 1609 Nec
365 1571 433 1608 tibi
447 1580 520 1608 tam
536 1572 692 1620 prudens
707 1571 895 1621 quisquam
908 1571 1119 1620 persuadeat
1133 1581 1274 1617 auctor,

217 1638 419 1682 Tellurem,
444 1638 561 1675 Borea
580 1637 733 1688 rigidam
752 1637 921 1687 spirante,
941 1636 1088 1673 moveri.

218 1707 320 1744 Rura
340 1705 427 1758 gelu
446 1715 525 1742 tum
544 1704 680 1742 claudit
698 1704 810 1741 hiems
828 1719 838 1748 ;
868 1717 946 1747 nec,
967 1704 1096 1741 semine
1110 1706 1225 1755 jacto,

215 1773 437 1810 concretam
455 1772 594 1821 patitur
614 1771 770 1808 radicem
789 1770 946 1821 adfigere
965 1779 1091 1807 terrae.

215 1839 370 1889 Optima
390 1839 517 1876 vinetis
537 1838 643 1881 satio,
663 1851 775 1887 quum
795 1850 873 1874 vere
894 1836 1039 1873 rubenti

216 1906 382 1943 Candida
402 1905 499 1942 venit
517 1905 590 1941 avis
609 1903 728 1954 longis
748 1903 857 1940 invisa
877 1902 1034 1940 colubris
1052 1918 1063 1947 ;

214 1972 336 2009 Prima
356 1971 410 2008 vel
430 1971 615 2024 auctumni
635 1970 701 2006 sub
721 1968 871 2019 frigora,
892 1982 1004 2018 quum
1023 1968 1168 2018 rapidus
1189 1969 1254 2016 Sol

210 2038 386 2075 Nondum
395 2037 547 2074 hiemem
557 2036 742 2087 contingit
753 2036 941 2085 equis‚jam
956 2034 1126 2084 praeterit
1139 2044 1264 2073 aestas.

213 2104 289 2140 Ver
308 2092 397 2141 adeo
417 2103 536 2140 frondi
556 2115 754 2145 nemorum,
780 2115 840 2138 ver
859 2100 946 2137 utile
966 2100 1086 2137 silvis:

211 2168 308 2225 Vere
327 2178 469 2208 tument
489 2178 615 2215 terrac,
635 2177 672 2207 et
692 2167 864 2220 genitalia
882 2167 1013 2206 semina
1032 2174 1198 2219 poscuntg
