1493 2605
398 370 443 408 P.
473 367 732 408 VIRGILII
767 365 1035 406 MARONIS

198 499 268 558 G
324 481 388 557 Ε
444 502 508 560 o
570 500 642 557 R
702 499 771 557 G
828 499 870 555 11·
935 496 987 554 <C
1051 495 1114 553 o
1180 495 1247 552 N

560 654 739 694 LIBER
799 654 880 691 111.

195 923 259 963 TE
274 938 435 975 quoque,
445 937 576 975 magna
584 922 744 964 Pales‚et
757 931 807 967 te,
819 921 1245 966 memorandaeanerms,

198 991 328 1029 Pastor
345 992 390 1029 ab
402 991 644 1041 Amphrys03
664 1005 738 1031 vos,
757 989 863 1026 silvae
884 1002 1074 1039 amnesque
1089 987 1244 1038 Lycaei.

194 1057 341 1103 Cetera,
362 1071 453 1108 quae
472 1071 600 1095 vacuas
620 1057 817 1094 tenuissent
838 1056 993 1093 carznine
1013 1057 1156 1099 mentis,

195 1124 330 1162 Omnia
343 1126 417 1175 jam
437 1123 583 1174 volgata
601 1138 610 1160 :
642 1123 721 1172 quis
741 1133 802 1159 aut
826 1122 1036 1172 Eurysthea
1055 1121 1202 1166 durum,

194 1190 282 1228 Aut
304 1190 464 1227 illaudati
481 1190 595 1227 nescit
626 1188 799 1226 Busiridis
820 1202 895 1225 aras
914 1189 926 1224 ?

193 1256 266 1296 Cui
285 1270 356 1293 non
377 1256 496 1293 dictus
518 1255 639 1304 Hylas
659 1269 760 1305 puer,
775 1264 811 1292 et
833 1253 993 1292 Latonia
1014 1252 1145 1298 Delos,

195 1323 520 1374 Hippodameque,
537 1324 759 1371 humeroque
781 1321 912 1371 Pelops
928 1321 1076 1371 insignis
1092 1321 1244 1364 eburno,

193 1389 301 1428 Acer
312 1389 434 1440 equis?
461 1388 653 1426 Teutanda
664 1388 718 1424 via
729 1397 875 1438 est,qua
887 1401 943 1423 me
955 1400 1100 1436 quoque
1113 1387 1246 1436 possim

194 1455 344 1495 Tollere
364 1457 490 1500 humo,
519 1456 708 1504 victorque
729 1454 841 1491 virum
861 1453 1010 1490 volitare
1033 1468 1096 1503 per
1114 1467 1190 1490 ora.

194 1524 338 1563 Primus
357 1538 427 1575 ego
448 1524 482 1560 in
502 1523 655 1572 patriam
675 1535 829 1566 mecum,
855 1522 963 1558 modo
985 1521 1056 1558 vita
1077 1520 1246 1571 supersit,

193 1590 322 1629 Aonio
342 1590 479 1627 rediens
499 1590 674 1626 deducam
695 1593 827 1625 veitice
847 1601 988 1625 musas:

194 1657 339 1696 Primus
361 1658 549 1694 Idumaeas
564 1655 713 1693 referam
734 1656 815 1699 tibi,
837 1655 1004 1698 Mantua,
1025 1654 1160 1705 palmas
1177 1670 1189 1701 3

196 1724 251 1762 Et
271 1724 372 1760 viridi
400 1724 434 1760 iu
455 1737 584 1773 campo
604 1722 778 1772 templum
800 1722 843 1758 de
863 1735 1040 1758 marmore
1060 1734 1193 1770 ponam

195 1790 356 1840 Propter
374 1804 518 1840 aquam,
541 1790 653 1826 tardis
673 1790 799 1839 ingens
824 1788 883 1824 ubi
906 1788 1059 1824 flexibus
1078 1795 1174 1824 errat

194 1856 370 1900 Mincius,
389 1865 426 1892 et
444 1865 566 1892 tenera
585 1855 765 1904 praetexit
785 1854 954 1890 arundine
975 1852 1083 1901 ripas.

195 1923 241 1961 In
261 1922 380 1959 medio
399 1921 486 1958 mihi
506 1922 641 1959 Caesar
660 1921 741 1963 erit,
769 1919 1018 1969 templumque
1039 1918 1190 1956 tenebit.

196 1988 257 2026 llli
278 1989 400 2026 victor
417 2002 502 2039 ego,
525 1997 562 2024 et
581 1987 701 2037 Tyrio
717 1996 934 2035 conspectus
956 1986 988 2021 in
1010 1995 1124 2027 ostro,

197 2056 356 2094 Centum
377 2057 612 2106 quadrijugos
632 2054 781 2106 agitabo
801 2053 845 2090 ad
867 2053 1012 2089 flumina
1033 2065 1171 2088 currus.

197 2125 344 2162 Cuncta
359 2123 459 2167 mihi,
473 2122 662 2173 Alpheum
678 2121 842 2171 linquens
858 2120 1018 2168 lucosqu>
1045 2117 1244 2164 Molorchi,

197 2189 375 2234 Cursibus
393 2200 432 2229 et
450 2190 565 2228 crudo
585 2191 755 2228 decernet
776 2187 931 2229 Graecia
949 2195 1064 2224 cestu.
