1529 2693
186 297 223 320 v.
254 285 318 322 51.
537 277 775 318 ECLOGA
834 278 892 316 11.
1214 282 1238 321 7

189 395 274 444 Ipse
293 406 363 444 ego
383 405 470 429 cana
490 390 608 441 legam
627 399 749 427 tenera
768 388 937 440 lanugine
957 388 1063 434 mala,

188 462 452 508 Castaneasque
472 471 593 500 nuces,
613 470 690 493 mea
714 470 802 506 quas
822 455 1023 505 Amaryllis
1042 455 1211 493 amabat:

187 526 340 562 Addam
355 537 456 561 cerea
470 535 584 572 pruna
597 537 608 566 ;
629 521 744 557 honos
759 522 826 558 erit
841 520 925 557 huic
941 535 1087 571 quoque
1103 536 1211 572 pomo
1225 537 1236 559 ε

192 590 246 627 Et
266 604 342 634 vos,
363 603 384 626 o
403 588 492 626 lauri
511 591 519 626 Ξ
552 600 711 636 carpam,
730 596 766 623 et
786 597 836 630 te,
855 587 1016 638 proxima
1035 597 1153 638 myrte
1171 603 1182 633 ;

189 656 250 694 Sic
270 655 406 706 positae
425 654 595 704 quoniam
615 653 731 689 suavis
750 652 904 689 miscetis
923 653 1064 690 odoi-es⁴

189 722 364 759 Rusticus
382 734 432 765 εε,
453 720 627 770 Corydon
645 734 656 763 ;
686 732 750 756 nec
771 732 918 756 munera
937 730 1041 757 curat
1063 719 1194 757 Alexis
1210 735 1223 765 ;

187 788 281 832 Nec,
302 788 329 824 si
350 786 555 823 muneribus
575 793 704 828 certes,
724 784 903 821 concedat
926 785 1050 822 Iollas.

187 853 278 890 Heu
293 856 300 890 ἔ
321 853 408 890 heu!
429 852 518 903 quid
530 850 625 888 volui
639 850 766 887 misero
779 850 886 888 mihi?
903 851 1050 888 floribus
1066 861 1242 896 austrum,

190 919 372 962 Perditus,
392 927 430 956 et
449 917 595 968 liquidis
614 916 742 953 immisi
763 915 925 953 fontibus
945 931 1064 967 apros.

189 986 310 1035 Quem
324 985 442 1036 fugis?
458 985 504 1021 ah
516 985 676 1021 demens!
695 983 904 1020 habitarunt
916 983 952 1020 di
967 998 1112 1034 quoque
1124 983 1241 1028 silvas,

188 1052 470 1101 Dardaniusque
491 1050 604 1088 Paris.
663 1048 795 1093 Pallas,
821 1063 908 1099 quas
928 1051 1105 1094 condidit,
1132 1064 1231 1087 arces

188 1118 275 1168 Ipsa
295 1118 392 1155 colat
410 1133 420 1155 ε
451 1118 554 1154 nobis
572 1115 737 1166 placeant
757 1125 839 1153 ante
859 1116 976 1153 omnia
996 1116 1116 1154 silvae.

187 1185 311 1222 Torva
329 1183 449 1221 leaena
467 1183 593 1234 lupum
614 1183 801 1233 sequitur3
830 1183 938 1232 lupus
953 1183 1028 1232 ipse
1042 1183 1214 1234 capellam
1229 1210 1243 1234 2

188 1249 395 1287 Florentem
415 1250 571 1300 cytisum
592 1249 757 1299 sequitur
774 1248 902 1286 lasciva
921 1249 1058 1299 capella
1075 1265 1085 1294 ;

187 1314 247 1353 Te
260 1316 448 1366 Corydon,
461 1330 484 1352 o
496 1316 628 1353 Alexi!
652 1315 765 1352 trahit
784 1329 847 1351 sua
867 1329 1048 1365 quemque
1065 1315 1242 1365 voluptas.

187 1383 368 1432 Adspice,
388 1391 504 1420 aratra
517 1385 611 1434 jugo
626 1381 786 1418 referunt
801 1395 968 1432 suspensa
983 1383 1138 1433 juvenci,

189 1451 243 1488 Et
264 1451 317 1487 sol
337 1450 528 1488 crescentis
548 1449 723 1486 decedens
743 1448 903 1499 duplicat
923 1449 1066 1486 umbras
1084 1465 1093 1489 :

190 1517 256 1555 Me
276 1526 395 1554 tamen
411 1516 483 1554 urit
502 1530 603 1553 amor
617 1531 627 1553 :
656 1515 735 1565 quis
749 1515 842 1551 enim
858 1515 986 1551 modus
1000 1515 1093 1551 adsit
1108 1514 1246 1553 amori?

188 1584 259 1621 Ah
279 1583 453 1634 Corydon
469 1586 477 1620 l
511 1582 684 1632 Corydon
700 1584 709 1619 l
734 1595 826 1631 quae
844 1591 882 1618 te
902 1581 1081 1618 dementia
1099 1582 1219 1631 cepit!

190 1650 417 1699 Semiputata
435 1649 503 1686 tibi
522 1648 693 1686 frondosa
713 1648 795 1685 vitis
815 1648 849 1684 iu
869 1647 967 1685 ulmo
987 1657 1055 1685 est.

191 1716 290 1765 Quin
311 1724 352 1752 tu
369 1715 505 1765 aliquid
520 1715 645 1752 saltem
664 1715 800 1765 potius,
820 1727 977 1764 quorum
991 1713 1133 1764 indiget
1147 1726 1244 1757 usus,

190 1781 396 1818 Viminibus
416 1781 587 1831 mollique
608 1795 710 1831 paras
729 1781 897 1818 detexere
912 1782 1022 1831 junco
1040 1780 1053 1817 ἓ

192 1848 355 1885 Invenies
374 1847 495 1893 alium,
515 1848 542 1884 si
564 1857 600 1885 te
618 1848 678 1885 hic
698 1847 852 1891 fastidit,
880 1845 1033 1903 Alexin.

1008 2176 1243 2216 ECLOGA
