1529 2693
435 297 670 337 PRIORIS
701 296 1022 335 EDITIONIS.
1207 294 1255 331 vii

231 413 292 451 At
313 412 450 461 CapyS,
479 418 515 447 et
536 423 692 460 quorum
713 408 839 445 melior
859 406 1039 444 sententia
1059 405 1184 451 menti,

230 479 316 517 Aut
338 477 468 528 pelago
488 477 632 513 insidias
653 476 825 514 Danaum
845 483 1088 524 suspectaque
1107 474 1205 512 dona

230 544 475 594 Praecipitare
491 545 636 596 jubent,
665 543 925 594 subjectisQUE
950 555 1052 578 urere
1072 541 1225 578 flammis
1243 557 1255 588 ;

232 613 319 650 Aut
337 612 518 649 terebrare
537 624 641 648 cavas
660 610 754 647 uteri
775 619 811 646 et
832 618 974 646 tentare
1003 607 1174 646 latebras.

966 675 1079 713 AEN.
1114 689 1159 713 11.
1193 679 1256 715 35.

207 745 396 784 Sententia
416 745 510 781 enirn
530 758 601 782 non
621 744 822 782 trimembris
842 757 919 780 csse
940 743 1098 786 videtur,
1129 745 1188 780 sed
1209 745 1260 781 bi-

203 813 368 850 membris.
426 805 551 862 Capys
566 811 746 853 videlicet,
759 821 796 847 et
812 810 874 860 qui
890 810 1015 847 melius
1026 811 1258 862 judicabant,

203 877 350 916 exitiale
369 879 504 915 donum
527 891 614 916 AUT
624 880 764 931 junitus
776 878 941 931 perdere,
962 877 1033 914 sive
1054 878 1256 923 absumere,

200 948 331 997 jubent
348 961 358 991 ;
391 953 477 983 AUT
499 956 641 989 tentare,
671 945 743 982 sive
763 945 968 994 explorare,
988 947 1075 982 uteri
1094 945 1257 984 latebras.

206 1013 282 1057 At,
311 1012 373 1061 qui
394 1012 538 1062 penitus
559 1013 707 1061 perdere
728 1012 912 1056 volebant,
941 1026 1012 1048 non
1036 1026 1145 1048 unum
1173 1027 1262 1049 eun·

205 1079 360 1129 demque
377 1079 589 1115 absumendi
606 1079 754 1115 modum
769 1079 920 1115 suasisse
934 1078 1116 1116 videntur.
1167 1080 1260 1117 Inde

203 1154 258 1182 est
277 1145 377 1195 quod
398 1146 510 1194 poeta
529 1159 596 1194 pro
617 1145 775 1196 generali
788 1146 938 1198 perdere
965 1146 1058 1182 duos
1087 1146 1260 1195 speciales

194 1211 367 1265 perdendi
399 1211 510 1248 modos
544 1213 789 1249 substituerit.
849 1212 889 1249 Si
920 1226 1097 1261 ponamus
1130 1213 1257 1263 itaque

201 1293 264 1331 eos
284 1278 347 1329 qui
365 1279 517 1328 perdere
531 1278 700 1316 volebant
714 1278 885 1316 duodecim
907 1293 1056 1316 numero
1077 1279 1202 1325 fuisse,
1218 1292 1257 1319 et

201 1360 246 1384 ex
266 1346 309 1383 iis
327 1355 396 1383 octo
416 1346 451 1382 in
472 1360 567 1383 mare
595 1346 851 1396 praecipitare,
881 1356 1030 1397 quatuor
1059 1361 1143 1384 vero
1172 1347 1258 1399 igne

201 1414 404 1458 absumere,
434 1413 583 1451 suasisse
602 1429 612 1459 ;
653 1423 733 1450 tum
767 1423 866 1450 recte
899 1413 972 1450 dici
1006 1422 1146 1464 potest,
1187 1415 1256 1454 hos

202 1480 373 1519 duodecim
400 1481 528 1532 pelago
558 1482 803 1533 praecipitare
820 1481 980 1531 jussisse,
1009 1482 1254 1531 subjectisque

200 1548 467 1600 urereflammis
485 1563 494 1585 ε
517 1548 645 1585 eodem
665 1548 775 1584 modo
796 1557 850 1592 ut,
870 1548 970 1598 apud
991 1549 1155 1594 Livium,
1172 1551 1258 1600 quia

200 1615 445 1667 irreligiosum
483 1615 674 1652 videbatur
705 1615 895 1653 sacerdotes
930 1616 1060 1666 populi
1097 1617 1259 1655 Romani

191 1683 340 1735 pedibus
373 1684 438 1726 ire,
466 1691 503 1719 et
530 1690 639 1721 sacra'
655 1684 769 1734 fini,
799 1691 898 1719 recte
919 1682 1068 1728 dicitur,
1100 1692 1126 1709 “
1146 1684 1260 1722 irreli-

202 1757 228 1775 “
249 1749 395 1800 giosum
416 1748 541 1793 videri,
563 1749 769 1786 sacerdotes
789 1759 826 1786 et
847 1763 947 1786 sacra
967 1751 1095 1800 populi
1118 1752 1259 1790 Roma-

200 1823 228 1842 “
247 1817 283 1853 ni
297 1816 444 1869 pedibus
464 1818 708 1868 ireserriQUE
728 1818 769 1854 :''
786 1826 823 1854 et
839 1826 893 1861 ut,
915 1818 1014 1867 apud
1030 1818 1256 1867 Homerum,

200 1883 285 1933 quia
303 1892 380 1920 erat
401 1901 525 1934 οιμωγη
544 1894 741 1933 ολλυμενων,
760 1902 819 1921 και
834 1896 964 1934 ευχωλη
983 1896 1161 1930 omium-m,
1181 1902 1259 1925 rec-

198 1958 236 1986 te
257 1950 404 1995 dicitur,
425 1964 501 1987 esse
518 1968 657 2000 οιμωγην
676 1969 734 1988 και
754 1962 899 2001 ευχωλην
926 1963 1089 1990 ολλυντων
1105 1962 1188 1992 ΚΑΙ
1201 1966 1258 1992 ολ-

199 2018 355 2067 λυμειῐωγ.
415 2017 469 2055 Et
488 2017 584 2054 idem
603 2018 866 2055 observandum
883 2019 917 2055 in
938 2020 1068 2056 ceteris
1087 2021 1255 2059 omnibus

198 2083 386 2133 exemplis.
443 2084 627 2122 Attamen
649 2085 835 2136 Heynius,
865 2099 932 2135 pro
953 2102 1027 2137 que,
1048 2087 1150 2136 quod
1171 2088 1257 2125 Ser-

200 2149 277 2187 vius
297 2150 464 2201 agnoscit
478 2154 514 2196 *,
535 2152 709 2202 quodque
729 2165 852 2189 omnes
872 2153 1033 2189 omnium
1051 2153 1146 2198 libri,
1174 2163 1254 2191 tum

270 2251 285 2267 ⁸
311 2250 421 2280 Verba
439 2251 541 2281 Servii
559 2259 652 2282 sunt:
692 2256 710 2267 ·²
729 2253 808 2293 Qut:
834 2252 1017 2294 copulativa
1045 2254 1230 2295 conjunctio

219 2312 277 2346 est,
294 2316 371 2339 Aur
389 2307 595 2351 disjunctiva,
624 2321 706 2354 quae
722 2310 774 2343 hic
799 2321 863 2343 esse
890 2310 1009 2343 debuit.
1057 2313 1230 2353 Quomodo
