1493 2605
189 291 222 316 ν.
243 277 331 317 327.
523 273 827 313 AENEIDOS
885 274 943 313 ΙΙ.
1168 277 1246 314 159

187 386 395 427 Transtulit
412 401 421 424 :
451 386 594 424 incensa
614 385 734 424 Danai
755 386 987 423 dominantur
1004 386 1038 422 in
1061 385 1163 422 urbe.

187 454 346 491 Arduus
365 461 521 490 armatos
542 453 665 489 mediis
685 453 720 489 in
742 452 933 490 moenibus
953 453 1096 489 adstans

190 519 330 557 Fundit
348 533 477 569 equus,
498 519 688 568 victorque
711 519 824 556 Sinon
845 518 1009 556 incendia
1028 518 1169 563 miscet,

191 588 388 625 Insultans.
431 586 552 624 Portis
571 586 629 622 alii
649 586 896 637 bipatentibus
916 587 1060 632 adsunt,

188 655 310 693 Millia
329 664 422 705 quot
441 654 582 705 magnis
601 666 774 702 umquam
794 667 920 690 venere
940 654 1124 704 Mycenis.

192 723 383 761 Obsedere
403 722 461 759 alii
481 722 561 759 telis
580 730 735 772 angusta
763 721 913 766 viarum,

191 789 392 839 Oppositi:
424 797 497 826 stat
517 787 600 825 ferri
620 787 713 824 acies
737 801 909 824 mucrone
933 802 1086 825 corusco

192 855 344 898 Stricta,
364 866 490 905 parata
510 854 586 891 neci
604 869 613 892 :
636 854 694 890 vix
711 853 818 903 primi
838 854 974 903 proelia
993 862 1139 892 tentant

192 922 385 959 Portarum
406 922 545 972 vigiles,
574 930 612 958 et
633 935 742 958 caeco
764 920 889 958 Nlarte
909 921 1095 960 resistunt.

190 987 348 1025 Talibus
369 988 587 1038 Othryadae
607 987 729 1032 dictis,
756 997 794 1024 et
814 987 958 1025 numine
978 988 1114 1033 divom,

191 1053 237 1091 In
259 1055 416 1092 flammas
436 1064 473 1092 et
492 1055 526 1091 in
545 1068 644 1091 arma
665 1054 774 1098 feror,
795 1069 870 1104 quo
890 1054 1003 1091 tristis
1025 1055 1200 1106 Erinnys,

191 1123 279 1171 Quo
298 1121 463 1158 fremitus
484 1131 605 1164 vocat,
625 1131 661 1158 et
681 1121 845 1159 sublatus
863 1122 909 1159 ad
929 1121 1072 1158 aethera
1096 1121 1247 1160 clamore

192 1188 355 1224 Addunt
374 1202 410 1224 se
431 1187 547 1225 socios
570 1187 751 1237 Rhipeus,
779 1197 829 1231 et,
849 1189 1026 1225 maximus
1046 1190 1165 1234 armis,

193 1255 358 1303 Epytus,
377 1254 491 1291 oblati
511 1268 576 1304 per
594 1254 727 1298 lunam,
750 1254 997 1304 Hypanisque
1013 1256 1246 1306 Dymasque,

192 1320 245 1357 Et
266 1320 368 1358 lateri
383 1321 636 1372 agglomerant
649 1330 795 1366 nostr03
812 1321 1025 1372 juvenisque
1038 1322 1244 1368 Coroebus,

191 1387 455 1438 Mygdonides.
502 1388 579 1426 Illis
599 1388 644 1424 ad
660 1387 813 1439 Trojam
832 1387 930 1425 forte
958 1389 1085 1426 diebus

192 1454 366 1497 Venerat,
395 1455 518 1490 insano
539 1455 762 1492 Cassandrae
782 1454 950 1491 incensus
971 1468 1118 1500 amore;
1160 1451 1164 1458 ’

195 1521 246 1558 Et
266 1534 376 1571 gener
394 1520 565 1558 auxilium
582 1520 741 1565 Priamo,
762 1521 1059 1572 Phrygibusque,
1080 1521 1219 1561 ferebat
1234 1540 1244 1558 :

194 1586 327 1622 Infelix
345 1589 353 1623 !
387 1587 449 1636 qui
469 1601 539 1623 non
558 1600 711 1637 sponsae
731 1597 930 1637 praecepta
948 1586 1101 1625 furentis

196 1652 385 1689 Audierit.

195 1719 301 1768 Quos
319 1718 382 1755 ubi
401 1718 587 1755 confertos
607 1718 738 1755 audere
756 1718 792 1755 in
812 1718 949 1768 proelia
969 1720 1068 1766 vidi3

197 1785 341 1835 Incipio
361 1799 469 1835 super
486 1785 565 1822 his:
596 1786 618 1823 J
624 1798 765 1830 uveneS,
789 1784 984 1823 fortissima
1007 1785 1141 1824 frustra

197 1851 367 1895 Pectora,
396 1852 424 1888 si
444 1852 547 1888 vobis
565 1852 759 1889 audentem
773 1862 934 1890 extrema
952 1853 1089 1903 cupido

197 1919 309 1956 Certa
329 1918 445 1969 sequi,
468 1920 582 1971 (quae
601 1919 645 1956 sit
665 1920 771 1956 rebus
790 1919 939 1956 fortuna
958 1919 1110 1958 videtis:

199 1984 396 2022 Excessere
416 1999 539 2022 omnes
559 1986 679 2036 adytis
697 1986 839 2037 arisque
858 1986 992 2023 relictis

198 2052 267 2095 Di,
298 2053 430 2103 quibus
448 2054 637 2103 imperium
656 2053 727 2092 hoc
748 2062 898 2091 steterat
914 2068 923 2091 ε
945 2053 1156 2091 succurritis
1167 2055 1247 2094 urbi

200 2118 394 2170 Incensae)
417 2120 626 2164 moriamur,
654 2130 691 2158 et
710 2120 746 2157 in
766 2121 883 2158 media
901 2134 1000 2157 arma
1019 2135 1180 2160 ruamus.

201 2185 285 2222 Una
307 2185 400 2223 salus
422 2186 524 2224 victis
545 2187 677 2225 nullam
698 2201 837 2240 sperare
857 2187 1020 2228 salutem.
