1529 2693
286 322 336 358 1⁴·
646 318 957 358 BUCOLICA.
1238 333 1274 358 ν.
1296 324 1332 360 3.
1369 360 1374 365 ,

282 431 321 469 Si
340 414 500 468 canimus
519 429 633 474 silvas,
653 430 758 468 silvae
777 432 846 468 sint
867 430 1012 469 consule
1030 431 1172 483 dignae.

333 497 476 535 Ultima
496 498 643 536 Cumaei
665 498 759 534 venit
775 500 848 548 jam
868 497 1035 535 carminis
1053 507 1152 536 aetas
1169 513 1181 545 ς

278 562 441 615 Magnus
455 565 500 601 ab
516 565 657 615 integro
677 564 873 601 saeclorum
894 565 1052 602 nascitur
1070 566 1173 603 ordo.

275 630 358 668 Jam
378 630 468 667 redit
488 639 523 667 et
546 630 663 681 Virgo
682 645 693 674 ;
722 630 870 667 redeunt
893 631 1058 668 Saturnia
1079 645 1213 684 regna:
1242 675 1248 678 ,

274 696 356 734 Jam
373 709 461 732 nova
481 697 672 746 progenies
687 697 788 734 coelo
807 698 1012 734 demittitur
1030 697 1118 735 alto.

274 761 339 799 Tu
360 762 469 798 modo
490 763 645 800 nascenti
666 777 792 813 puero,
813 777 886 814 quo
907 763 1020 800 ferrea
1042 763 1200 814 primum

274 829 443 873 Desinet,
463 843 504 867 ac
524 839 606 867 toto
626 840 749 882 surget
771 844 860 882 gens
879 843 983 867 aurea
1003 831 1153 876 mundo,

272 897 384 936 Casta
403 895 480 933 fave
502 897 669 935 Lucina:
700 906 785 935 tuus
800 900 873 950 jam
894 907 1020 949 regnat
1043 897 1200 948 Apollo.

270 962 404 1013 Teque
422 964 512 1000 adeo
531 964 642 1000 decus
661 964 732 1002 hoc
752 964 841 1008 aevi,
867 973 905 1001 te
923 964 1083 1007 consule,
1104 964 1222 1010 inibit,

271 1030 390 1068 Pollio
407 1046 417 1074 ς
445 1040 481 1068 et
502 1030 673 1080 incipient
693 1030 813 1081 magni
844 1029 1037 1079 procedere
1057 1043 1220 1069 menses:

268 1096 329 1134 Te
348 1098 453 1139 duce,
474 1096 501 1132 si
521 1109 592 1145 qua
610 1105 752 1133 manent
773 1094 914 1133 sceleris
933 1095 1085 1147 vestigia
1103 1095 1230 1142 nostri,

269 1163 378 1200 Irrita
397 1175 571 1214 perpetua
591 1163 727 1200 solvent
747 1162 937 1200 formidine
956 1171 1082 1200 terras.

269 1229 338 1267 Ille
357 1230 461 1267 deum
483 1230 590 1266 vitam
609 1229 777 1279 accipiet,
795 1229 955 1278 divisque
974 1229 1111 1267 videbit

268 1295 471 1333 Pet-mixtos
490 1296 630 1340 heroas,
650 1305 688 1333 et
707 1296 782 1345 ipse
801 1295 982 1332 videbitur
999 1294 1068 1331 illis
1086 1310 1098 1340 ς

267 1363 515 1412 Pacatumque
534 1371 636 1414 reget
657 1362 782 1412 patriis
801 1361 993 1398 virtutibus
1011 1362 1149 1400 orbem.

266 1430 325 1467 At
345 1429 412 1466 tibi
434 1429 560 1479 prima,
582 1443 682 1479 puer,
703 1428 802 1465 nullo
823 1427 1031 1464 munuscula
1047 1427 1164 1473 cultu,

268 1494 432 1532 Eri-antis
452 1495 599 1532 hederas
618 1495 749 1544 passim
768 1509 850 1531 cum
871 1495 1034 1538 baccare,
1055 1494 1162 1533 tellus

266 1560 462 1610 Mixtaque
481 1561 610 1598 ridenti
630 1560 807 1598 colocasia
826 1560 952 1597 fundet
972 1560 1141 1598 acantho.

265 1627 372 1677 Ipsae
391 1626 484 1664 lacte
503 1627 651 1678 domum
671 1626 824 1664 referent
843 1626 997 1663 distenta
1018 1625 1177 1676 capellae

264 1693 389 1732 Ubera
406 1709 417 1737 ς
446 1707 512 1731 nec
530 1706 680 1744 magnos
699 1701 860 1730 metuent
880 1703 1040 1730 armenta
1059 1693 1192 1731 leones.

264 1760 352 1809 Ipsa
372 1760 437 1797 tibi
457 1759 607 1797 blandos
626 1758 776 1796 fundent
799 1759 976 1796 cunabula
996 1759 1115 1798 flores.

261 1826 419 1864 Occidet
438 1835 474 1863 et
495 1839 652 1876 serpenS‚
670 1834 707 1863 et
727 1824 833 1862 fallax
853 1826 963 1863 herba
981 1825 1105 1862 veneni

260 1893 417 1932 Occidet
437 1909 448 1937 ς
482 1893 674 1942 Assyrium
694 1892 806 1943 vulgo
826 1902 993 1929 nascetur
1011 1905 1206 1929 amomum.

258 1961 332 2004 At,
353 1959 456 1996 simul
476 1959 626 1996 heroum
646 1958 770 1995 laudes
787 1968 822 1995 et
846 1957 942 1995 facta
962 1958 1119 2007 parentis

255 2027 335 2065 Jam
355 2027 473 2077 legere
492 2034 528 2062 et
549 2038 639 2074 qnae
659 2025 704 2061 sit
724 2024 858 2074 poteris
877 2038 1098 2074 cognoscere
1118 2024 1228 2062 virtus
1244 2039 1257 2071 ς

256 2092 362 2131 Molli
384 2090 568 2142 paullatim
591 2091 757 2127 flavescet
777 2104 924 2140 campus
943 2090 1066 2134 arista,

256 2158 482 2207 Incultisque
502 2158 633 2195 rubens
653 2156 825 2206 pendebit
845 2157 1006 2194 sentibus
1026 2171 1107 2202 uva,

255 2225 309 2264 Et
329 2225 438 2263 durae
457 2237 612 2276 quercus
631 2224 814 2263 sudabunt
833 2223 974 2262 roscida
994 2223 1111 2263 mella.
