1493 2605
176 316 210 342 v.
229 304 291 345 37.
527 294 767 340 ECLOGA
825 295 900 337 IX.
1176 301 1228 338 33

617 413 768 450 Moeris.

175 481 221 518 Id
233 480 378 530 quidem
386 480 516 531 'ago‚et
528 479 674 523 tacitus,
685 469 991 528 Lycida,mecum
1002 477 1079 527 ipse
1088 475 1230 521 voluto,

176 548 215 585 Si
235 547 369 584 valeam
388 546 585 582 meminisse
603 560 613 589 ;
644 558 760 594 neque
779 553 835 581 est
852 543 1013 595 ignobile
1032 556 1188 581 carmen.

174 613 265 650 Huc
285 613 381 656 ades,
401 626 424 648 o
445 612 626 650 Galatea!
659 611 739 661 quis
759 620 815 648 est
830 624 911 647 nam
925 610 1032 647 ludus
1046 610 1081 646 in
1097 608 1231 647 undis?

175 679 254 716 Hic
276 692 336 715 ver
355 689 576 728 purpureum
594 694 603 716 ι
632 677 747 713 varios
767 676 826 713 hic
846 676 993 713 flumina
1011 675 1148 713 circum

174 744 311 782 Fundit
330 745 460 781 humus
480 744 586 781 flores
604 758 613 779 :
643 742 703 779 hic
724 741 875 778 candida
894 741 1052 793 populus
1070 749 1174 778 antro

178 811 364 855 Imminet,
383 821 421 848 et
439 811 556 848 lentae
574 817 705 847 texunt
725 807 933 846 umbracula
951 807 1053 845 vites.

172 875 264 913 Huc
284 877 366 913 ades
384 893 393 916 z
422 876 533 913 insani
552 875 681 913 feriant
701 874 773 912 sine
791 873 915 910 littora
938 873 1084 910 fluctus.

601 942 773 995 Lycidas.

174 1009 290 1058 Quid,
311 1023 402 1059 quae
423 1017 459 1046 te
478 1020 569 1058 pura
587 1007 703 1044 solum
723 1007 790 1044 sub
810 1015 918 1044 nocte
943 1015 1131 1044 canentem

173 1076 377 1112 Audieram
394 1076 406 1113 ?
434 1088 600 1112 numeros
618 1073 775 1117 memini,
794 1073 821 1109 si
840 1073 947 1110 verba
965 1083 1135 1110 tenerem.

612 1141 764 1179 Moeris.

172 1207 336 1256 Daphni,
357 1207 446 1256 quid
465 1206 634 1256 antiquos
654 1205 839 1256 signorum
859 1205 1008 1255 suspicis
1027 1204 1152 1241 ortus?

173 1273 272 1310 Ecce
288 1275 296 1309 !
331 1272 487 1310 Dionaei
506 1273 682 1322 processit
697 1272 858 1309 Caesaris
877 1281 1039 1316 astrum;

174 1341 346 1383 Astrum,
366 1353 439 1389 quo
460 1348 600 1390 segetes
621 1338 821 1389 gauderent
840 1326 1022 1388 frugibus,
1041 1345 1079 1374 et
1098 1351 1172 1387 quo

171 1405 337 1442 Duceret
357 1405 486 1455 apricis
505 1404 541 1441 in
561 1404 713 1442 collibus
732 1418 800 1441 uva
819 1403 990 1441 colorem.

174 1473 312 1515 Insere,
329 1471 494 1522 Daphni,
507 1472 604 1521 piros
617 1487 627 1516 ;
648 1480 799 1521 carpent
813 1480 876 1508 tua
890 1483 997 1522 poma
1008 1479 1229 1521 nepotes.—

171 1537 304 1575 Omnia
322 1536 393 1574 fert
405 1546 513 1581 aetas,
527 1538 683 1574 animum
699 1551 857 1588 quoque.
880 1538 996 1587 Saepe
1011 1551 1081 1587 ego
1095 1536 1225 1588 longos

171 1603 364 1640 Cantando
388 1617 537 1653 puerum
557 1604 700 1641 memini
715 1618 770 1640 me
789 1604 942 1641 condere
961 1602 1051 1640 soles
1070 1618 1080 1640 :

170 1669 208 1707 N
212 1684 279 1706 unc
295 1669 408 1706 oblita
422 1670 507 1705 mihi
522 1679 580 1706 tot
595 1670 758 1708 carmina.
801 1670 888 1707 Vox
903 1683 1051 1719 quoque
1067 1667 1213 1706 Moerin

171 1737 253 1774 Jam
269 1735 367 1786 fugit
386 1736 461 1786 ipsa
479 1750 488 1773 :
518 1735 595 1785 lupi
616 1736 760 1773 Moerin
781 1735 898 1772 videre
919 1735 1068 1785 priores.

171 1802 243 1839 Sed
261 1810 380 1838 tamen
400 1801 468 1837 ista
487 1801 571 1838 satis
591 1801 721 1839 referet
738 1802 807 1838 tibi
827 1815 930 1850 saepe
950 1799 1148 1838 Menalcas.

600 1869 769 1921 Lycidas.

168 1933 378 1971 Caussando
397 1942 538 1971 nostros
556 1934 591 1970 in
610 1934 759 1985 longum
774 1934 876 1972 ducis
895 1948 1031 1972 amores
1047 1950 1058 1972 ι

170 2000 223 2037 Et
242 2014 336 2037 nunc
356 2014 460 2037 omne
479 2000 546 2037 tibi
565 2011 716 2038 stratum
736 2001 815 2038 silet
837 2015 999 2051 aequor;
1027 2010 1065 2038 et
1083 2015 1218 2047 omnes,

167 2067 348 2116 Adspice,
367 2068 505 2104 ventosi
525 2068 732 2105 ceciderunt
750 2069 941 2106 murmuris
960 2081 1078 2105 aurae.

167 2133 270 2170 Hinc
289 2134 378 2170 adeo
397 2134 512 2171 media
529 2143 585 2171 est
604 2134 706 2172 nobis
724 2136 780 2171 via
801 2151 811 2180 ;
841 2149 992 2186 namque
1012 2136 1216 2186 sepulcrum

171 2199 306 2248 Incipit
325 2212 496 2249 apparere
518 2200 681 2238 Bianoris
698 2216 708 2238 2
738 2201 812 2246 hic,
833 2201 894 2240 ubi
913 2202 1037 2239 densas

224 2265 340 2302 Tou.
372 2267 405 2303 I.
677 2267 710 2303 E
