1493 2605
242 284 317 322 102
502 281 870 337 ‘chRGicON
927 281 999 320 1v.
1147 297 1182 321 v.
1206 286 1295 324 103.

282 395 354 439 At,
370 407 483 445 quum
496 394 633 431 incerta
646 392 766 430 volant
780 392 958 443 coeloque
969 392 1132 431 examina
1144 393 1291 441 ludunt,

234 465 558 512 Contemnuntque
579 460 690 502 favos,
720 469 757 497 ct
778 459 910 510 frigida
929 469 1027 498 tecta
1046 460 1258 512 relinquunt
1275 477 1290 510 ς

236 529 419 567 Instabilis
441 529 576 564 animos
595 527 683 564 ludo
705 525 912 576 prohibebis
931 526 1037 565 inani.

232 598 312 634 Noc
335 610 485 647 mugnus
507 594 698 643 prohibere
717 592 845 629 labor:
877 602 918 629 tu
941 593 1088 644 regibus
1107 594 1183 633 alas

234 664 373 712 Eripe:
405 676 474 698 non
496 660 567 697 illis
589 659 779 711 quisquam
799 659 1056 698 cunctantibus
1077 660 1192 699 altum

235 730 295 766 Ire
316 729 396 773 iter,
416 737 478 765 aut
499 726 627 764 castris
645 726 791 763 audebit
809 726 936 764 vellere
957 727 1076 779 signa.

232 796 393 833 Invitent
414 794 551 832 croceis
571 792 732 830 halantes
753 793 906 830 floribus
925 794 1038 838 horti,

231 863 298 907 Et,
319 872 443 900 custos
463 861 583 898 furum
605 871 714 910 atque
734 859 867 904 avium,
888 874 972 898 cum
991 860 1084 898 falce
1104 860 1243 913 saligna

230 929 523 980 Hellespontiaci
546 937 661 966 servet
683 927 800 965 tutela
821 927 958 978 Priapi.

229 1000 330 1048 Ipse,
349 999 519 1046 thymum
540 997 718 1046 pinosque
736 993 854 1032 ferens
873 995 919 1031 de
939 995 1123 1034 montibus
1142 995 1239 1042 altis,

227 1066 349 1103 Tecta
369 1073 459 1101 serat
480 1063 552 1100 late
571 1063 723 1106 circum,
753 1061 811 1099 cui
832 1061 918 1098 talia
935 1075 1043 1099 curae
1060 1077 1071 1108 ;

228 1133 315 1182 Ipse
333 1131 455 1168 labore
475 1144 621 1167 manum
641 1130 733 1166 duro
754 1138 847 1166 terat
869 1145 880 1174 ς
910 1130 986 1178 ipse
1007 1129 1134 1180 feracis

228 1199 338 1250 Figit
359 1198 471 1235 humo
493 1196 646 1247 plantas,
674 1205 711 1233 et
735 1195 872 1233 amicos
892 1196 1019 1247 irriget
1039 1195 1188 1235 imbris..

280 1268 414 1315 Atque
428 1264 610 1315 equidem,
625 1273 787 1300 extremo
804 1263 837 1299 ni
852 1265 926 1314 jam
942 1263 1009 1300 sub
1025 1263 1095 1300 fine
1114 1263 1282 1302 laborum

225 1332 318 1370 Vela
337 1332 477 1369 traham
496 1340 532 1368 et
552 1330 656 1367 terris
677 1329 841 1366 festinem
861 1329 1049 1367 advertere
1069 1345 1226 1383 proram,

229 1398 394 1436 Farsitan
413 1407 465 1441 et,
485 1397 630 1448 pinguis
651 1396 777 1432 hortos
797 1409 888 1446 quae
908 1410 994 1433 cura
1014 1397 1157 1436 colendi

224 1464 398 1507 Ornaret,
418 1477 594 1506 canerem,
615 1462 792 1513 biferique
813 1463 944 1500 rosaria
966 1465 1085 1502 Paesti
1103 1480 1115 1510 ;

228 1532 389 1580 Quoque
407 1531 516 1567 modo
537 1530 635 1580 potis
653 1530 854 1580 gauderent
875 1531 1003 1568 intuba
1022 1531 1120 1576 rivis,

228 1599 278 1635 Et
303 1598 430 1635 virides
450 1599 534 1648 apio
555 1597 653 1647 ripae
672 1613 682 1642 ;
713 1607 908 1648 tortusque
928 1611 994 1648 per
1011 1598 1161 1636 herbam

224 1664 414 1702 cresceret
435 1664 468 1700 in
490 1673 650 1701 ventrem
671 1664 834 1701 cucumis
852 1679 862 1702 :
893 1678 959 1702 nec
979 1678 1056 1702 sera
1075 1674 1279 1704 comantem

224 1730 447 1774 Narcissum,
468 1739 531 1767 aut
552 1730 633 1767 flexi
654 1730 845 1768 tacuissem
866 1731 982 1768 vimen
1003 1732 1164 1777 acanthi,

223 1796 475 1847 Pallentisque
496 1798 661 1842 hederas,
673 1806 710 1835 et
730 1798 882 1835 amantis
901 1798 1026 1835 littora
1046 1808 1198 1848 myrtos,

223 1864 393 1914 Namque
412 1865 478 1901 sub
500 1864 674 1902 Oebaliae
693 1864 836 1901 memini
857 1878 912 1902 me
931 1865 1093 1902 turribus
1112 1866 1218 1910 arcis,

222 1931 309 1979 Qua
329 1930 433 1981 niger
451 1931 640 1968 humectat
662 1931 827 1968 flaventia
845 1931 946 1969 culta
965 1931 1157 1976 Galaesus,

222 1998 420 2049 Corycium
439 1998 566 2035 vidisse
582 2011 715 2041 senem,
735 1999 793 2035 cui
814 2011 927 2048 pauca
945 1998 1063 2036 relicti

220 2065 243 2102 J
247 2079 355 2115 ugera
375 2065 465 2101 ruris
485 2075 586 2102 erant
605 2080 615 2103 :
646 2079 713 2102 nec
733 2063 860 2102 fertilis
879 2064 939 2102 illa
957 2065 1134 2116 juvencis,

222 2130 303 2168 Nec
324 2131 446 2181 pecori
462 2140 668 2182 opportuna
683 2145 799 2183 seges,
820 2146 885 2169 nec
901 2131 1093 2169 commoda
1110 2131 1285 2173 Baccho.'
1304 2127 1306 2129 ¹

222 2197 301 2236 Hic
321 2211 440 2235 rarum
460 2207 578 2236 tamen
598 2201 633 2236 in
653 2199 770 2237 dumis
789 2199 883 2248 olus,
902 2198 1054 2251 albaque
1073 2199 1211 2240 circum
