1493 2605
254 294 328 331 131·
503 330 514 336 ,
567 289 866 330 AENEIDOS
925 290 957 329 1.
1154 295 1294 334 v.405.

247 404 299 442 Et
321 416 400 439 vera
419 402 556 439 incessu
577 402 695 451 patuit
715 402 794 439 dea.
854 401 933 446 Ille,
955 401 1015 440 ubi
1037 411 1187 440 matrem

246 470 433 520 Agnovit,
453 468 515 505 tali
535 467 735 519 fugientem
754 477 808 505 est
829 482 917 505 voce
935 478 1078 507 secutus
1096 484 1105 506 :

248 536 351 585 Quid
373 546 495 573 uatum
517 535 640 577 toties,
654 534 816 576 ,crudelis
835 544 876 573 tu
897 549 1057 586 quoque,
1078 535 1175 573 falsis

248 602 366 639 Ludis
387 601 600 653 imaginibus
618 602 630 639 ?
658 615 724 638 cur
743 602 890 645 dextrae
904 603 1056 653 jungere
1075 602 1241 649 dextram

247 669 331 706 Non
352 669 473 712 datur,
492 682 532 707 ac
549 681 646 705 veras
664 668 786 706 audire
805 677 840 705 et
862 669 1008 706 reddere
1028 683 1131 706 voces
1148 670 1161 707 ἓ

244 734 401 775 Talibus
420 735 572 780 incusat,
593 749 828 787 gressumque
848 736 892 776 ad
912 736 1052 778 moenia
1071 737 1201 774 tendit.

245 802 305 840 At
326 803 453 841 Venus
472 803 630 840 obscuro
649 802 848 854 gradientis
868 801 947 840 ae're
969 803 1092 852 sepsit,

246 869 299 907 Et
320 869 435 907 multo
455 869 605 911 nebulae
625 868 760 906 circum
781 869 847 906 dea
867 868 963 906 fudit
983 870 1118 906 amictu
1137 884 1147 914 ;

242 936 400 975 Cernere
420 950 463 974 ne
483 936 563 986 quis
583 949 658 981 eos,
687 949 756 973 neu
771 935 851 986 quis
871 935 1082 987 contingere
1101 945 1238 987 posset,

241 1001 411 1040 Molirive
431 1016 580 1046 moram,
600 1012 664 1040 aut
685 1001 845 1040 veniendi
865 1016 1013 1052 poscere
1031 1016 1184 1040 caussas.

243 1071 329 1120 Ipsa
351 1070 516 1123 Paphum
536 1069 697 1108 sublimis
717 1069 806 1113 abit,
828 1069 999 1120 sedesque
1019 1070 1140 1108 revisit

243 1136 362 1174 Laeta
381 1149 486 1174 suas:
520 1135 581 1174 ubi
602 1135 779 1192 templum
799 1135 865 1180 illi,
884 1144 1105 1187 centumque
1126 1138 1265 1177 Sabaeo

241 1203 344 1241 Ture
363 1203 481 1249 calent
501 1216 594 1247 arae,
623 1203 799 1253 sertisque
825 1203 1029 1252 recentibus
1049 1203 1184 1253 halant.

293 1271 512 1321 Corripuere
532 1270 624 1307 viam
643 1269 790 1313 interea,
811 1283 882 1320 qua
902 1270 1027 1315 semita
1046 1278 1220 1318 monstrat
1238 1287 1249 1316 ;

238 1339 393 1388 Jamque
412 1336 678 1375 adscendebant
698 1335 840 1379 collem,
860 1336 921 1386 qui
938 1335 1112 1386 plurimus
1133 1337 1212 1380 urbi

241 1406 424 1449 Imminet,
444 1405 678 1453 adversasque
699 1401 887 1452 adspectat
907 1402 1062 1452 desuper
1081 1416 1192 1442 arces,

237 1473 398 1512 Miratur
416 1470 546 1509 molem
563 1471 725 1511 Aeneam
753 1467 905 1519 magalia
927 1469 1106 1520 quondam
1127 1485 1136 1507 ι

239 1540 398 1578 Miratur
417 1546 554 1589 portas,
575 1535 856 1586 strepitumque,
876 1545 911 1572 et
932 1544 1044 1572 strata
1063 1536 1212 1574 viarum.

237 1607 382 1644 Instant
402 1605 566 1642 ardentes
586 1602 718 1653 Tyrii:
750 1616 833 1652 pars
853 1602 984 1640 ducere
1004 1616 1138 1647 muros,

236 1672 437 1722 Molirique
458 1685 589 1714 arcem,
605 1679 642 1711 et
662 1670 826 1718 manibus
846 1668 1056 1710 subvolvere
1077 1683 1160 1706 saxa
1177 1685 1191 1708 ι

237 1738 326 1776 Pars
345 1748 470 1790 optare
490 1737 612 1776 locum
631 1745 747 1780 tecto,
776 1745 814 1773 et
834 1735 1050 1779 concludere
1066 1735 1180 1773 sulco.

233 1807 325 1844 Jura
343 1805 648 1857 magistratusque
667 1803 811 1855 legunt,
840 1812 1078 1854 sanctum-que
1111 1812 1285 1855 senatum.

237 1873 316 1910 Hic
336 1882 463 1923 portus
483 1871 541 1908 alii
561 1870 737 1909 effodiunt
756 1885 764 1908 :
796 1870 855 1907 hic
884 1869 957 1911 alta
974 1869 1128 1906 theatris

237 1939 486 1978 Fundamenta
503 1938 626 1975 locant
646 1937 717 1981 alii,
738 1937 972 1993 immanisque
996 1935 1179 1990 columnas

238 2006 407 2056 Rupibus
426 2005 614 2048 excidunt,
644 2004 756 2042 scenis
777 2004 908 2053 decora
922 2003 1000 2052 ,alta
1019 2002 1162 2048 futuris.

236 2072 365 2122 Qualis
384 2085 470 2121 apes
489 2080 623 2117 aestate
641 2085 734 2110 nova
753 2085 819 2121 per
838 2071 948 2118 florea
967 2083 1051 2112 rura

237 2139 397 2176 Exercet
417 2139 484 2176 sub
505 2137 578 2175 sole
597 2138 713 2183 labor,
743 2152 856 2189 quum
876 2137 994 2189 gentis
1014 2136 1156 2176 adultos

238 2205 413 2242 Educ-aut
433 2205 542 2257 fetus,
563 2215 626 2253 aut
647 2204 951 2258 quumliqueutia
970 2202 1076 2255 mella
