1529 2693
415 285 650 326 PRIORIS
682 285 1004 325 EDITIONIS.
1174 286 1239 326 xiii

179 400 333 453 pignore
352 399 587 444 contendere,
610 399 711 437 fabas
731 413 823 450 quae
843 401 918 450 igne
937 397 1141 443 maduerint,
1162 397 1186 436 i.
1203 413 1236 438 e.

178 477 315 506 coctura
335 466 460 505 mollita
468 468 622 518 suerint,
643 475 684 504 ut
700 475 796 504 recte
815 467 926 503 verba
945 465 1104 515 explicat
1127 464 1236 517 Hey-

177 535 270 579 nius,
299 548 417 584 neque
436 536 534 571 citius
554 548 671 584 neque
690 536 800 572 serius
819 534 1092 585 progerminare
1112 547 1231 584 posse.

176 600 396 645 Madescere,
424 601 570 646 madere,
592 601 762 646 madidus,
784 601 829 638 de
850 599 1018 637 mollibus
1039 614 1058 636 a
1078 608 1232 637 coctura

176 667 387 717 praesertim
420 667 504 712 dici,
533 668 693 705 ostendit
728 668 916 706 Gesnerus
950 667 984 704 in
1023 666 1230 705 Thesauro.

176 734 264 772 Vid.
286 734 394 772 etiam
408 735 565 785 ejusdem
582 736 736 773 Lexicon
754 735 949 772 Rusticum.
995 735 1055 771 Ita
1075 732 1229 772 Colum-

176 800 270 840 ella:
304 807 328 827 “
350 802 529 845 Brassica,
549 815 632 839 cum
653 815 715 838 sex
737 800 912 838 foliorum
931 800 1015 844 erit,
1045 800 1232 838 transferri

177 874 202 894 “
222 868 346 913 debet,
374 870 425 906 ita
444 877 485 905 ut
506 868 606 904 radix
627 869 716 919 ejus,
737 867 877 917 liquido
898 867 985 904 fimo
1002 866 1103 917 prius
1122 866 1228 912 illita,

178 941 205 961 “
224 944 261 972 et
280 934 442 972 involuta
460 934 578 972 tribus
598 934 701 985 algae
714 933 892 978 taeniolis,
909 941 1092 985 pangatur
1109 948 1118 971 :
1141 933 1231 970 haec

178 1008 205 1028 “
223 1001 317 1038 enim
337 1015 392 1038 res
417 1001 530 1039 efficit
559 1003 654 1038 utin
684 1011 820 1039 coctura
848 1001 988 1039 celerius
1017 1000 1231 1046 madescat‚'’

179 1072 247 1107 &c.
271 1069 292 1106 i.
314 1083 344 1107 e.
368 1069 545 1114 mollescat²
566 1078 607 1106 ut
628 1076 727 1105 recte
747 1068 1010 1118 interpretatur
1031 1069 1230 1107 Gesnerus.

178 1136 287 1174 Haec
317 1137 380 1186 qui
407 1135 645 1186 reputaverit,
674 1135 705 1172 ei
734 1135 820 1172 satis
849 1135 1035 1172 constabit
1067 1135 1232 1173 Servium

177 1203 295 1240 solum
327 1216 445 1240 veram
473 1202 604 1239 horum
634 1203 828 1239 verborum
857 1202 1073 1239 sententiam
1106 1215 1232 1252 perce-

176 1269 298 1321 pisse3
328 1284 470 1320 nempe,
501 1276 526 1295 “
547 1278 588 1306 ut
607 1269 733 1306 modico
752 1269 837 1319 igne
869 1281 1126 1312 FESTmA‘i-A,
1157 1268 1231 1306 sive

178 1345 204 1364 “
237 1338 300 1390 (ut
332 1336 390 1374 alii
420 1336 571 1388 legunt)
617 1349 930 1380 FESTINANTER,
981 1348 1229 1379 coquentis-

177 1411 203 1430 “
234 1419 321 1442 ’run
338 1408 377 1442 :''
408 1404 467 1442 cui
487 1413 622 1448 tamen,
651 1413 750 1442 recte
771 1403 946 1447 monenti,
975 1417 1081 1440 nemo
1107 1403 1228 1441 adhuc

176 1471 378 1509 auscultare
394 1472 567 1523 dignatus
583 1481 649 1510 est.
710 1471 824 1509 Servii
839 1471 1107 1521 expositionem
1123 1469 1229 1508 unice

178 1539 297 1577 firmat
317 1534 406 1576 haec
429 1538 581 1576 Palladii
614 1539 822 1576 observatio
840 1554 850 1577 ι
893 1545 918 1565 “
955 1537 1140 1590 Sanguine
1173 1551 1233 1576 ca-

179 1614 205 1633 “
224 1607 330 1658 ponis
363 1606 500 1644 Graeci
532 1614 696 1643 asserunt
725 1605 829 1643 fabae
873 1606 1007 1643 semina
1032 1614 1230 1651 macerata,

178 1680 203 1701 “
223 1673 345 1711 herbis
363 1672 635 1710 adversantibus
656 1688 727 1710 non
747 1673 870 1711 noceri
889 1688 900 1718 3
929 1686 1023 1723 aqua
1044 1672 1158 1722 pridie
1177 1672 1232 1708 in-

176 1748 202 1768 ‘<
222 1740 314 1785 fusa,
343 1740 450 1776 citius
469 1740 565 1777 nasci
584 1756 595 1785 ς
614 1742 746 1780 nitrata
764 1755 857 1791 aqua
876 1748 1049 1792 respersa,
1067 1751 1230 1777 cocTu-

179 1816 206 1836 “
228 1821 315 1846 RAM
341 1820 423 1844 NON
451 1819 615 1844 HABERE
640 1808 939 1844 DlFFlclLEM.'’
963 1805 1052 1843 Lib.
1078 1819 1154 1843 xu.
1176 1805 1230 1842 in-

178 1876 259 1913 itio.
315 1873 404 1911 Vid.
427 1873 536 1910 etiarn
556 1875 659 1912 Cot.
683 1888 730 1912 11.
756 1877 818 1918 10,
852 1876 911 1911 ll.
971 1873 1099 1917 Hanc,
1119 1886 1229 1923 quam

178 1956 296 1980 veram
315 1941 425 1992 hujus
452 1940 524 1977 loci
554 1941 768 1978 sententiam
796 1954 871 1978 esse
900 1939 1060 1977 dubitari
1088 1940 1229 1990 nequit,

177 2009 308 2048 lectori
328 2009 376 2046 ob
389 2007 515 2045 oculos
528 2008 647 2058 ponit,
663 2017 700 2045 et
721 2008 824 2059 quasi
843 2007 1071 2045 manifestam
1091 2007 1228 2054 reddit,

179 2086 280 2116 recta
298 2076 492 2114 verborum
511 2075 758 2126 interpunctio
776 2091 785 2113 :

233 2183 377 2223 Semina
391 2182 463 2219 vidi
482 2182 652 2233 equidem
671 2181 807 2219 multos
827 2181 1008 2219 medicare
1028 2191 1202 2229 serenteS,

231 2251 288 2292 Et
306 2250 401 2289 nitro
420 2250 535 2301 prius,
564 2258 603 2288 et
622 2249 726 2302 nigra
745 2248 964 2300 perfundere
984 2262 1131 2288 amurca
1147 2264 1160 2296 ;

674 2344 745 2383 b2
