1493 2605
243 313 320 352 186
530 313 831 353 AENEIDOS
889 313 969 353 111.
1142 317 1282 357 v.271.

240 423 543 474 Dulichiumque,
566 425 756 475 Sameque,
775 434 812 462 et
833 424 996 469 Neritos,
1023 425 1134 463 ardua
1152 426 1254 464 saxis.

243 489 457 541 Effugimus
477 490 647 540 scopulos
670 490 834 536 Ithacae,
855 490 1005 529 La'c‘rtia
1025 506 1150 543 regna,

242 556 294 594 Et
316 566 446 594 terram
466 556 626 594 altricem
649 557 740 594 saevi
760 570 985 595 exsecramur
1010 558 1127 597 Ulixi.

241 623 335 661 Mox
356 632 392 660 et
417 623 601 661 Leucatae
621 623 782 661 nimbosa
802 623 986 661 cacumina
1006 625 1150 670 montis,

242 689 310 732 Et,
330 689 546 726 formidatus
565 689 695 734 nautis,
714 690 876 739 aperitur
895 689 1051 740 Apollo.

242 755 359 794 Hunc
379 756 535 806 petimus
554 755 648 798 fessi,
677 765 713 793 et
734 770 863 806 parvae
882 757 1105 794 succedimus
1124 759 1218 795 urbi.

242 822 395 860 Ancora
414 823 459 861 de
487 835 592 872 prora
604 823 739 873 jacitur
756 838 765 860 ε
797 832 895 860 stant
914 822 1037 860 littore
1057 837 1211 874 puppes.

296 889 415 940 Ergo,
444 889 624 939 insperata
640 889 785 926 tandem
805 888 933 926 tellure
953 889 1076 938 potiti,

243 955 534 1004 Lustramurque
554 955 650 998 Jovi,
671 955 836 1004 votisque
856 955 1078 992 incendimus
1097 969 1200 1002 aras;

241 1021 429 1073 Actiaque
451 1021 571 1059 Iliacis
590 1020 812 1058 celebramus
828 1020 952 1057 littora
971 1020 1077 1059 ludis.

243 1086 429 1124 Exercent
449 1087 581 1136 patrias
601 1087 682 1124 oleo
702 1087 844 1124 labente
865 1086 1057 1137 palaestras

244 1152 383 1190 Nudati
404 1153 504 1190 socii.
533 1154 642 1191 Juvat
662 1153 811 1190 evasisse
831 1162 890 1190 tot
910 1153 1008 1189 urbis

243 1220 457 1272 Argolicas,
485 1209 693 1269 mediosque
714 1219 839 1270 fugam
858 1219 1014 1257 tenuisse
1035 1233 1099 1269 per
1117 1220 1245 1258 hostis.

245 1287 391 1325 Interea
411 1299 582 1338 magnum
600 1285 665 1324 Sol
684 1284 981 1323 circumvolvitur
999 1298 1145 1330 annum,

246 1354 300 1391 Et
319 1353 478 1404 glacialis
497 1353 608 1390 hiems
629 1352 858 1402 aquilonibus
878 1360 1021 1402 asperat
1042 1353 1165 1391 undas.

245 1422 348 1459 Aere
367 1433 454 1457 cavo
474 1419 642 1469 clipeum,
662 1418 782 1469 magni
802 1427 986 1469 gestamen
1011 1419 1188 1463 Abantis,

247 1486 419 1524 Postibus
438 1485 592 1522 adversis
611 1485 702 1536 figo,
721 1494 758 1522 et
779 1498 852 1521 rem
871 1485 1026 1522 carmine
1045 1485 1170 1536 signo:

248 1554 426 1590 AENEAS
453 1565 562 1590 nanc
586 1565 634 1590 niz
658 1564 812 1589 DANAIS
837 1564 1097 1589 wer-omnus
1121 1565 1253 1591 ARMA.

247 1619 435 1668 Linquere
455 1627 536 1655 tum
555 1628 684 1668 portus
698 1619 825 1669 jubeo,
845 1627 882 1655 et
901 1617 1086 1655 considere
1104 1619 1266 1656 transtris
1282 1635 1290 1655 :

245 1686 423 1724 Certatim
443 1685 531 1722 socii
549 1684 682 1722 feriunt
701 1698 811 1729 mare,
831 1694 868 1722 et
889 1698 1045 1734 aequora
1064 1694 1221 1723 verrunt.

248 1752 427 1790 Protenus
446 1752 557 1789 ae'rias
585 1751 788 1789 Phaeacum
807 1750 1059 1789 abscondimus
1078 1765 1189 1797 arces,

249 1818 471 1868 Littoraque
492 1817 597 1868 Epiri
616 1817 783 1869 legimus,
803 1827 987 1868 portuque
1006 1818 1165 1855 subimus

249 1886 428 1929 Chaonio,
447 1894 486 1923 et
504 1884 632 1922 celsam
655 1884 829 1923 Buthroti
854 1885 1057 1922 accedimus
1075 1885 1213 1923 urbem.

302 1951 381 1989 Hie
399 1951 616 1989 incredibilis
634 1965 752 1989 rerum
770 1951 864 1988 fama
882 1960 1039 2001 occupat
1058 1952 1176 1990 auris:

250 2018 453 2056 Priamiden
476 2017 659 2055 Helenum
681 2018 812 2057 Graias
827 2031 976 2068 regnare
996 2031 1060 2068 per
1079 2017 1191 2062 urbis,

250 2084 434 2136 Conjugio
454 2083 642 2121 Aeacidae
663 2083 794 2134 Pyrrhi
815 2083 1035 2134 sceptrisque
1055 2083 1213 2134 potitum
1231 2100 1252 2128 ;.
1283 2134 1286 2138 .

254 2150 306 2187 Et
325 2149 444 2199 patrio
463 2149 751 2186 Andromachen
770 2149 900 2186 iterum
919 2150 1064 2187 cessisse
1083 2150 1227 2187 marito.

255 2216 444 2266 Obstupui
463 2232 472 2258 ς
494 2216 658 2267 miroque
679 2217 862 2255 incensum
882 2225 1013 2267 pectus
1031 2230 1172 2262 amore,-
