1529 2693
571 273 932 314 PRAEFATIO.
1261 283 1284 307 v

226 390 448 431 Heinsium:
482 398 519 426 et
540 397 667 434 recte3
697 400 778 424 nam
809 384 987 423 sententia
1005 392 1086 422 est:
1107 384 1276 434 juvenum

220 474 398 502 concursu,
418 467 449 495 et
467 457 618 495 lacrimis
653 455 735 499 Iuli,
756 452 945 491 immobilis.
1001 451 1064 488 At
1085 449 1280 494 Heinsius,

219 528 350 576 poe'tae
382 532 540 561 mentem
572 536 643 568 non
677 529 908 571 assequutus,
946 516 1128 569 expunxit
1161 529 1280 566 copu-

218 591 363 630 lativam
393 604 476 635 Qui-z
500 598 584 639 post
606 588 770 631 lacrimis,
791 598 828 624 et
849 599 957 637 prava
976 583 1277 635 interpunctione

221 658 340 695 omnia
359 656 616 708 perturbavit;
647 668 755 704 quem
784 663 907 690 tamen
928 661 966 689 et
989 653 1218 690 Burmannus
1242 657 1282 686 et

223 724 397 776 Heynius
414 732 627 775 sequuntur.
651 721 712 760 Sic
727 721 822 758 enim
837 720 967 771 legunt
979 728 1017 756 et
1030 718 1279 769 distinguunt:

253 830 384 868 Stabat
404 829 533 866 acerba
553 827 723 871 fremens,
742 826 928 877 ingentem
947 824 1054 861 nixus
1067 824 1103 860 in
1123 823 1280 867 hastam,

248 898 413 941 Aeneas,
434 909 568 947 magno
583 897 758 946 juvenum
777 902 815 929 et
836 891 1030 930 moerentis
1051 891 1126 929 Iuli

247 963 456 1007 Coneursu,
485 961 642 999 lacrimis
663 959 872 997 immobilis.

223 1066 302 1104 Nos
322 1083 385 1118 que
404 1066 628 1105 restituimus
645 1082 657 1112 3
687 1067 783 1103 unde
802 1065 888 1103 huic
903 1064 987 1102 loco
1009 1077 1072 1101 sua
1091 1062 1277 1101 constabit.

222 1132 417 1184 elegantia.

277 1200 364 1244 Sed,
386 1199 471 1250 quia
490 1199 537 1236 ad
556 1199 650 1236 hane
669 1198 843 1249 loquendi
864 1197 1033 1243 formam,
1054 1211 1128 1248 qua
1146 1196 1282 1247 proba-

219 1266 347 1304 tissimi
367 1266 564 1317 scriptores
585 1265 768 1303 interdum
788 1279 843 1302 res
864 1264 1016 1302 confuse
1040 1274 1078 1301 et
1099 1264 1290 1314 permixte-

220 1335 396 1385 dispersas
417 1333 607 1378 exhibent,
626 1343 664 1370 et
684 1331 814 1370 lectori
835 1342 957 1370 mente
970 1332 1048 1382 ipsa
1067 1331 1223 1369 discrete
1243 1339 1282 1368 et

220 1401 350 1446 electe,
370 1401 405 1437 in
427 1414 531 1438 suum
553 1414 736 1451 quamque
768 1399 947 1444 ordinem,
977 1399 1194 1451 digere-udas
1228 1411 1282 1434 re-

220 1468 406 1519 linquunt,
437 1467 682 1506 Grammatici
713 1481 784 1503 non
806 1466 892 1504 satis
925 1466 1085 1503 animum
1116 1465 1283 1502 adverte·

221 1546 306 1573 runt
322 1551 333 1581 3
363 1534 541 1586 ejusmodi
561 1533 730 1584 exempla
749 1533 927 1584 quaedam
949 1533 1008 1570 hic
1028 1532 1103 1570 loci
1127 1531 1282 1582 subjice-

220 1616 258 1639 re
278 1616 344 1639 nec
365 1601 534 1645 alienum,
555 1615 621 1638 nec
641 1601 763 1639 forsan
782 1600 924 1645 inutile,
943 1599 1024 1638 erit.
1088 1597 1284 1651 Ejusmodi

222 1677 278 1707 est
296 1667 387 1705 illud
417 1668 686 1708 Homericumz

247 1760 367 1800 Eveab’
388 1763 453 1811 ἀμ’
471 1770 665 1800 ΟΙΜΩΓΗ
681 1778 715 1800 τε
729 1779 787 1800 και
807 1769 1002 1800 ΕΥΧΩΛΗ
1017 1773 1112 1800 πελεν
1131 1759 1264 1814 magen,

248 1837 517 1868 ΟΛΛΥΝΤΩΝ
537 1846 584 1874 72,
604 1847 663 1868 nou
684 1837 1005 1868 ΟΛΛΥΜΕΝΩΝ.

772 1897 833 1933 IL.
856 1905 898 1935 Δ.
921 1900 1012 1935 450.
1033 1905 1071 1933 et
1091 1904 1138 1935 Θ.
1161 1899 1226 1935 64.

222 1989 410 2028 Sententia
429 1989 525 2026 enim
544 2003 616 2026 non
635 1998 691 2027 est
725 2007 849 2039 οιμωγη
869 2007 927 2027 και
948 2001 1079 2039 ευχωλη
1099 2000 1278 2035 azzor-rm,

217 2071 334 2107 neque
361 2075 487 2107 οιμωγη
505 2075 563 2095 και
583 2068 713 2107 ιυχωλη
733 2068 930 2108 ολλυμενων·
961 2057 1032 2094 sed·
1055 2068 1186 2107 ευχωλη
1220 2068 1279 2094 ολ-

218 2136 355 2169 >mn-m,
373 2143 432 2163 και
452 2142 577 2174 οιμωγη
597 2136 793 2175 ολλυμενων.
850 2123 1076 2175 Hujusmodi
1095 2123 1205 2161 etiam
1223 2132 1279 2160 est

219 2191 311 2234 illud
327 2191 450 2230 Livii:
473 2200 499 2217 ‘⁶
513 2191 767 2244 Irreligiosum
782 2201 897 2236 ratus,
914 2204 1185 2233 sAcERnorzs
1205 2205 1279 2228 Ρυ-

218 2265 244 2286 “
267 2271 415 2298 Bmcos
443 2272 650 2312 sAcRAque
670 2258 802 2311 populi
822 2259 980 2298 Romani
1001 2272 1183 2300 PEDIBUS
1203 2271 1294 2304 ins<

710 2338 730 2363 a
760 2326 786 2363 ‘2
