1493 2605
132 352 165 377 v.
184 340 273 381 607.
461 333 762 399 AENEAIDOS
820 335 878 376 11.
1103 341 1180 381 169

131 451 235 488 Jussa
255 450 355 493 time,
381 462 450 486 neu
470 448 672 499 praeceptis
691 462 816 499 parere
833 462 983 488 recusa:

132 517 226 562 Hic,
255 517 316 555 ubi
336 516 502 568 disjectas
522 515 632 552 moles
651 515 842 566 avolsaque
861 516 955 554 saxis

132 584 228 620 Saxa
248 583 357 627 vides,
386 583 575 632 mixtoque
594 581 791 619 undantem
810 582 956 632 pulvere
976 579 1130 630 fumum,

130 649 327 699 Neptunus
352 662 473 685 muros
501 661 704 699 magnoque
722 657 842 685 emota
860 648 1009 686 tridenti

130 715 378 753 Fundamenta
397 714 530 765 quatit,
556 723 745 764 totamque
764 715 809 752 ab
829 715 972 752 sedibus
990 715 1118 754 urbem

131 781 254 818 Eruit.
312 781 390 818 Hic
410 781 508 819 Juno
531 781 660 818 Scaeas
681 780 879 818 saevissima
896 790 1023 831 portas

127 847 248 884 Prima
267 856 380 892 tenet,
408 847 617 897 sociumque
637 846 759 884 furens
778 860 798 883 a
819 847 968 885 navibus
986 860 1130 899 agmen,

131 915 242 951 Ferro
261 914 435 958 accincta,
463 923 583 951 vocat.

124 980 205 1018 Jam
226 994 379 1018 summas
398 980 488 1018 arcis
507 979 690 1025 Tritonia,
718 980 869 1031 respice,
899 980 1018 1020 Pallas

126 1047 280 1090 Insedit,
307 1047 429 1083 nimbo
448 1046 637 1097 effulgens,
665 1056 702 1084 et
723 1046 905 1098 Gorgone
924 1061 1038 1085 saeva.

125 1115 210 1163 Ipse
228 1114 338 1151 Pater
356 1114 495 1150 Danais
513 1112 662 1156 animos,
691 1113 854 1163 viresque
872 1114 1060 1164 secundas,

127 1179 272 1217 Sufficit
289 1195 298 1217 ς
329 1180 405 1230 ipse
425 1179 511 1216 deos
530 1180 565 1215 in
582 1179 757 1216 Dardana
776 1181 927 1217 suscitat
946 1192 1057 1217 arma.

124 1246 253 1296 Eripe,
272 1255 367 1290 nate,
387 1246 528 1297 fugam,
548 1245 726 1295 finemque
745 1245 891 1295 impone
909 1245 1038 1282 labori.

123 1313 317 1361 Nusquam
335 1312 458 1356 abero,
485 1322 523 1349 et
542 1321 664 1349 tutum
684 1311 801 1362 patrio
820 1322 857 1349 te
875 1311 995 1349 limine
1013 1311 1149 1350 sistam.

123 1378 281 1416 Dixerat
299 1393 308 1415 z
338 1387 376 1415 et
397 1378 516 1428 spissis
537 1378 655 1415 noctis
675 1392 711 1415 se
730 1379 896 1416 condidit
917 1379 1067 1431 umbrisq

125 1444 323 1494 Apparent
338 1444 435 1482 dirae
455 1444 578 1489 facies,
606 1444 821 1495 inimicaque
841 1446 976 1497 Trojae

126 1511 288 1550 Numina
308 1525 437 1562 magna
455 1512 573 1550 deum.

175 1577 278 1615 Tum
297 1592 381 1615 vero
400 1592 504 1615 omne
524 1578 611 1615 mihi
629 1579 743 1616 visum
761 1579 946 1617 considere
963 1579 999 1618 in
1018 1581 1113 1633 ignis

124 1644 246 1690 Ilium,
274 1653 312 1681 et
330 1658 374 1681 ex
395 1644 466 1680 imo
486 1645 576 1682 verti
596 1644 786 1696 Neptunia
806 1646 920 1697 Troja
935 1661 947 1685 ε

123 1713 189 1750 Ac
208 1710 333 1754 veluti,
354 1711 501 1748 summis
520 1714 704 1761 antiquam
723 1711 759 1748 in
779 1713 962 1750 montibus
981 1727 1110 1753 ornum

123 1778 263 1827 Quum,
279 1776 374 1813 ferro
389 1776 540 1813 accisam
561 1777 766 1827 crebrisque
785 1777 1018 1827 bipennibus,
1029 1779 1164 1819 instant

123 1843 262 1881 Eruere
282 1842 463 1893 agricolae
481 1843 672 1887 certatim3
701 1842 760 1880 illa
781 1857 893 1894 usque
913 1845 1082 1892 minatur,

122 1911 190 1954 Et,
211 1908 427 1946 tremefacta
445 1923 584 1947 comam
604 1923 782 1947 concusso
803 1911 948 1956 vertice,
968 1921 1098 1959 nutat;

122 1977 341 2015 Volneribus
359 1978 474 2014 donec
493 1976 677 2027 paullatim
699 1986 816 2015 evicta
834 1991 1043 2027 supremum

121 2044 357 2095 Congemuit,
386 2043 571 2094 traxitque
584 2044 684 2095 jugis
703 2044 821 2081 avolsa
840 2044 992 2083 ruinam.

119 2110 331 2154 Descende,
351 2123 406 2155 ac,
425 2110 581 2148 ducente
595 2110 676 2156 deo,
696 2110 876 2149 flammam
890 2111 983 2148 inter
993 2120 1030 2149 et
1051 2111 1166 2152 hostis

122 2177 336 2227 Expedior:
369 2177 455 2215 dant
474 2176 546 2215 tela
564 2177 699 2223 locum,
719 2178 954 2228 flammaeque
978 2179 1165 2218 recedunt.

172 2244 319 2293 Atque,
331 2243 476 2297 ubijam
490 2244 628 2296 patriae
644 2253 857 2295 perventum
870 2244 916 2284 ad
925 2243 1047 2284 limina
1059 2244 1166 2293 sedis,

178 2309 297 2348 ΤοΜ.
329 2310 363 2349 Ι.
687 2310 726 2352 Y
