1493 2605
237 310 312 348 192
524 305 834 346 ·AENE1DOS
894 307 973 345 111.
1136 322 1169 345 v.
1186 310 1275 348 439.

234 420 468 471 Supplicibus
487 433 612 469 supera
631 419 760 456 donis:
792 420 841 456 sic
861 420 1015 469 denique
1038 419 1153 457 victor

232 486 419 525 Trinacria
440 486 516 523 sinis
541 485 652 522 [talos
672 485 815 522 mittere
834 484 971 523 relicta.

233 553 324 590 Huc
346 553 406 589 ubi
426 552 563 589 delatus
584 552 777 589 Cumaeam
798 551 985 588 accesseris
1005 553 1143 596 urbem,

231 620 458 668 Divinosque
478 618 589 660 lacus,
609 627 645 654 et
669 619 817 654 Averna
837 618 999 654 sonantia
1018 618 1138 661 silvi33

232 687 397 722 Insanum
417 694 532 721 vatem
552 683 739 733 adspicies,
760 697 851 732 quae
872 697 961 733 rupe
981 684 1047 720 sub
1068 684 1138 720 ima

232 752 322 789 Fata
341 750 452 792 canit,
473 749 640 800 foliisque
661 758 762 786 notas
782 759 818 786 et
839 750 981 786 nomina
1001 751 1157 788 mandat.

230 819 494 867 Quaecumque
513 816 546 852 in
568 815 662 852 foliis
681 816 868 865 descripsit
888 816 1043 853 carmina
1063 817 1180 868 virgo,

228 883 377 934 Digerit
397 883 430 919 in
451 896 648 925 numerum,
668 891 777 932 atque
792 892 896 919 antro
913 882 1049 919 seclusa
1069 882 1236 933 relinquit
1255 899 1264 920 :

229 949 297 986 Illa
318 958 460 985 manent
476 948 624 984 immota
639 947 738 991 locis,
756 963 870 998 neque
883 949 926 986 ab
943 949 1066 986 ordine
1082 950 1231 986 cedunt.

227 1016 366 1051 Verum
386 1015 524 1058 eadem,
545 1029 645 1051 verso
666 1017 781 1052 tenuis
802 1029 914 1064 quum
929 1015 1072 1052 cardine
1093 1024 1221 1052 ventus

230 1079 397 1130 Impulit,
426 1089 463 1116 et
483 1089 622 1116 teneras
643 1080 802 1117 turbavit
817 1082 927 1131 janua
957 1080 1106 1125 frondis,

229 1145 437 1195 Numquam
457 1145 584 1182 deinde
606 1159 693 1182 cavo
715 1146 900 1184 volitantia
928 1147 1102 1196 prendere
1122 1161 1221 1191 saxo,

228 1213 308 1250 Nec
327 1226 491 1249 revocare
511 1213 614 1257 situs,
633 1221 695 1249 aut
712 1215 861 1264 jungere
881 1213 1049 1257 carmina,
1070 1223 1172 1251 curat
1190 1228 1201 1251 ι

229 1279 430 1316 Inconsulti
449 1279 597 1322 abeunt,
626 1279 819 1328 sedemque
839 1280 947 1317 odere
969 1280 1141 1330 Sibyllae.

228 1345 306 1383 Hic
328 1345 394 1382 tibi
414 1359 456 1382 ne
477 1359 547 1396 qua
576 1359 695 1382 morae
715 1344 848 1382 fuerint
868 1346 1054 1396 dispendia
1072 1345 1163 1383 tanti
1182 1362 1193 1391 ;

227 1411 400 1461 Quamvis
419 1411 633 1461 increpitent
654 1411 753 1455 socii,
773 1421 809 1448 et
832 1411 863 1447 vi
883 1425 1008 1449 cursus
1027 1412 1062 1448 in
1079 1411 1193 1448 altum

227 1477 319 1514 Vela
337 1487 455 1521 vocet,
483 1477 667 1527 possisque
689 1478 784 1515 sinus
804 1477 951 1528 implere
971 1478 1147 1515 secundos
1164 1493 1175 1522 ;

227 1544 325 1594 Quin
347 1544 451 1581 adeas
470 1553 600 1588 vatem,
629 1543 884 1593 precibusque,
902 1543 1059 1588 oracula,
1079 1558 1221 1593 poscas,

228 1610 313 1659 Ipsa
333 1620 450 1653 canat,
478 1624 675 1659 vocemque
695 1609 815 1647 volens
834 1620 945 1660 atque
964 1624 1026 1647 ora
1046 1610 1214 1647 resolvat.

226 1675 296 1712 Illa
314 1676 381 1713 tibi
403 1675 527 1714 Italiae
547 1675 718 1726 populos,
738 1685 960 1726 venturaque
979 1675 1087 1720 bella,

227 1743 280 1779 Et
301 1756 374 1792 quo
386 1756 565 1792 quemque
581 1742 690 1779 modo
710 1741 903 1794 fugiasque
923 1742 1087 1792 ferasque
1099 1742 1272 1788 laborem,

227 1808 411 1858 Expediet
430 1825 440 1852 ;
471 1822 670 1859 cursusque
689 1809 792 1846 dabit
812 1818 978 1846 venerata
997 1808 1187 1846 secundos.

226 1875 334 1912 Haec
355 1886 452 1920 sunt,
474 1889 564 1925 quae
585 1885 708 1912 nostra
727 1874 834 1912 liceat
854 1885 890 1913 te
910 1889 997 1912 voce
1017 1875 1165 1914 moneri.

226 1941 330 1978 Vade
351 1955 432 1992 age,
451 1951 488 1978 et
503 1942 688 1993 ingentem
704 1941 809 1979 factis
825 1941 879 1979 fer
890 1941 934 1978 ad
947 1941 1092 1978 aethera
1106 1941 1270 1993 Trojam.

277 2009 384 2057 Quae
403 2016 596 2058 postquam
615 2017 714 2045 vates
734 2007 782 2045 sie
802 2022 864 2045 ore
883 2007 1013 2044 effatus
1031 2006 1145 2044 amico
1164 2016 1233 2053 est,

227 2074 338 2112 Dona
358 2074 501 2118 dehinc,
530 2088 618 2112 auro
639 2074 773 2126 gravia,
795 2084 968 2124 sectoque
986 2072 1192 2123 elephanto,

226 2142 389 2190 Imperat
408 2141 454 2178 ad
473 2141 570 2178 navis
589 2140 688 2185 ferri,
717 2141 898 2192 stipatque
916 2139 1043 2178 carinis

228 2207 360 2257 Ingens
380 2217 584 2258 argentum,
612 2207 908 2259 Dodonaeosque
937 2207 1087 2253 lebet-as,
