1493 2605
225 164 302 202 ‘226
508 160 830 206 *AENEIDOS
891 162 962 198 IV.
1138 176 1172 200 v.
1189 163 1293 202 662·

230 275 442 318 Dardanus,
461 283 498 311 et
520 283 662 311 nostrae
683 287 802 310 secum
825 272 915 310 ferat
936 273 1056 309 omina
1077 274 1217 311 mortis.

285 342 442 379 Dixerat
461 357 469 379 ε
501 350 610 390 atque
631 340 726 376 illam
747 340 862 376 media
882 339 976 378 inter
996 339 1080 376 talia
1100 339 1197 377 ferro

231 407 440 458 Collapsam
460 407 667 457 adspiciunt
687 407 854 450 comites,
873 419 1066 455 ensemque
1086 420 1215 443 cruore

232 475 487 524 Spumantem,
516 488 727 524 sparsasque
747 486 882 510 manus.
916 472 953 509 It
973 472 1109 510 clamor
1129 472 1174 509 ad
1194 471 1266 509 alta

231 541 346 579 Atria
365 557 373 578 :
405 554 615 578 concussam
634 535 844 577 'bacchatur
865 539 975 577 Fama
996 553 1061 588 per
1075 540 1214 576 urbem.

235 608 439 650 Lamentis,
469 607 695 658 gemituque,
723 614 759 643 et
782 605 934 643 femineo
956 605 1109 649 ululatu,

233 673 271 710 T
275 683 356 711 ecta
371 673 548 711 fremunt:
572 682 714 711 resonat
731 675 869 724 magnis
886 671 1122 723 plangoribus
1137 671 1280 712 aether:

231 738 319 777 Non
340 739 457 784 aliter,
486 754 594 790 quam
615 741 641 777 si
663 739 826 777 immissis
845 748 926 776 ruat
941 738 1109 776 hostibus
1129 738 1244 775 omniu

232 805 438 858 Carthago,
454 817 516 844 aut
533 807 682 857 antiqua
695 807 820 857 Tyros
839 822 848 850 ;
871 806 1106 855 flammaeque
1125 804 1285 842 furentes

231 874 403 912 culmina
415 889 553 924 perque
566 874 752 911 hominnm
760 872 964 916 volvantur,
972 886 1107 922 perque
1120 872 1283 909 deorum.

230 942 369 980 Audiit
389 942 575 984 exanimis,
595 940 826 990 trepidoque,
840 939 1026 983 exterrita,
1045 952 1168 983 cursu,

231 1008 435 1059 Unguibus
455 1022 518 1044 ora
538 1022 640 1045 soror
659 1006 822 1050 foedans,
841 1015 879 1043 et
899 1015 1049 1055 pectora
1069 1005 1218 1056 pugnis,

231 1075 304 1112 Per
323 1074 461 1112 medios
480 1074 566 1117 ruit,
587 1089 627 1111 ac
647 1074 860 1111 morientem
881 1072 1023 1109 nomine
1043 1071 1173 1109 clamat
1191 1086 1202 1109 ι

231 1142 323 1180 Hoc
344 1141 449 1185 illud,
469 1155 651 1193 germana,
672 1140 743 1178 fuit
760 1141 774 1179 ?
801 1154 857 1177 me
877 1139 1003 1176 fraude
1023 1138 1172 1188 petebas
1189 1138 1203 1174 ἒ

231 1209 324 1247 Hoc
345 1223 456 1261 rogus
476 1209 543 1246 iste
563 1208 665 1252 mihi,
684 1207 756 1245 hoc
771 1208 873 1259 ignes
885 1212 1038 1256 araeque
1056 1205 1263 1255 parabant?

231 1277 335 1326 Quid
355 1277 511 1326 primum
531 1276 673 1312 deserta
692 1275 852 1324 querar?
881 1273 1100 1311 comitemne
1123 1285 1284 1309 sororem

229 1344 410 1393 Sprevisti
433 1343 588 1380 moriens
606 1343 618 1379 ?
649 1341 790 1379 Eadem
806 1354 863 1376 me
883 1339 929 1375 ad
949 1339 1023 1375 fata
1043 1352 1230 1376 vocasses:

232 1410 338 1447 Idem
358 1409 481 1446 ambas
503 1408 597 1444 ferro
618 1407 736 1449 dolor,
756 1415 866 1455 atque
879 1406 1003 1442 eadem
1020 1405 1109 1441 hora
1128 1404 1283 1442 tulisset.

233 1476 310 1513 Hjs
329 1475 439 1513 etiam
461 1475 577 1511 struxi
598 1474 775 1514 manibus,
804 1472 1015 1523 patriosque
1031 1471 1153 1507 vocavi

232 1543 341 1580 Voce
361 1542 461 1584 deos,
489 1540 538 1577 sic
558 1548 594 1576 te
617 1548 657 1576 ut
678 1539 798 1589 posita
817 1536 973 1574 crudelis
993 1537 1181 1574 abessem?

233 1608 445 1648 Exstinxsti
459 1621 513 1644 me
529 1615 652 1656 teque,
673 1618 788 1647 soror,
819 1602 1068 1653 populumque
1090 1611 1285 1653 patresque
1299 1638 1328 1652 N

234 1675 418 1719 Sidonios,
439 1674 637 1722 urbemque
657 1681 770 1709 tuam.
803 1670 918 1713 Date,
938 1668 1083 1705 volnera
1100 1668 1259 1719 lymphis

233 1743 417 1787 Abluam,
437 1750 488 1785 et,
509 1749 692 1777 extremus
712 1738 739 1774 si
759 1737 840 1787 quis
861 1749 970 1785 super
988 1734 1123 1772 halitus
1147 1743 1257 1780 errat,

235 1809 312 1846 Ore
332 1808 463 1858 legam.
496 1807 557 1844 Sic
579 1805 666 1850 fata,
687 1804 820 1857 gradus
840 1812 999 1840 evaserat
1019 1801 1126 1846 altos,

236 1874 564 1923 semianimemque
584 1873 661 1910 sinu
681 1883 888 1923 germanam
909 1868 1075 1918 amplexa
1095 1867 1241 1905 fovebat

232 1943 331 1980 Cum
350 1941 503 1992 gemitu,
523 1949 633 1989 atque
653 1948 750 1976 atros
770 1937 929 1974 siccabat
955 1943 1052 1972 veste
1072 1947 1229 1972 cruores-

200 2050 203 2051 ⁷
234 2007 318 2050 Illa,
340 2007 457 2058 gravis
478 2005 605 2043 oculos
625 2013 758 2042 conata
776 2001 957 2046 attollere,
978 2014 1099 2038 rursus

235 2074 377 2113 Deficit
395 2089 405 2112 ι
435 2072 587 2112 infixum
608 2071 728 2110 stridit
747 2070 813 2108 sub
834 2077 983 2122 pectore
1005 2066 1145 2105 volnus.
