1529 2693
300 310 353 345 22
668 306 978 346 BUCOLICA.
1234 318 1268 344 v.
1286 309 1349 347 45.

299 418 366 461 Et,
396 415 615 455 ffirtunatam
636 418 662 455 si
683 431 864 468 nunquam
883 427 1042 454 armenta
1062 416 1226 463 fuissent,

299 485 497 535 Pasiphae-‘n
520 485 607 522 nivei
629 484 764 521 solatur
782 499 900 521 amore
915 484 1069 535 juvenci.

297 553 365 589 Ah
387 553 487 602 virgo
509 551 628 588 infelix
649 555 656 589 !
690 564 781 600 quae
801 559 837 586 te
856 550 1034 587 dementia
1052 550 1180 599 cepit?

297 619 482 658 Proetides
503 618 693 668 implerunt
714 616 809 653 falsis
830 617 1032 668 mugitibus
1051 630 1183 668 agros:
1234 665 1240 668 .

294 687 353 724 At
375 700 443 722 non
464 695 536 722 tam
557 684 671 735 turpis
691 683 871 734 pecudum
892 693 1009 721 tamen
1032 682 1102 720 ulla
1125 690 1250 720 secuta
1267 689 1324 720 est

294 752 535 795 Concubitus,
565 751 725 802 quamvis
744 749 840 788 collo
861 750 1038 787 timuisset
1057 758 1231 794 aratrum,

297 820 350 857 Et
371 833 474 869 saepe
495 819 527 855 in
549 818 615 855 levi
637 818 833 868 quaesisset
855 830 988 855 cornua
1007 815 1137 853 fronte.

295 885 363 923 Ah
385 886 486 936 virgo
507 885 629 922 infelix
649 887 656 922 ἔ
690 894 731 922 tu
753 899 846 922 nunc
866 885 900 920 in
921 883 1104 920 montibus
1124 894 1242 919 erras:

297 953 379 996 Ille,
406 952 501 989 latus
522 952 660 988 niveum
682 950 778 989 molli
798 950 912 988 fultus
931 949 1143 1000 hyacintho,

296 1019 385 1056 Ilice
398 1020 464 1056 sub
479 1019 579 1069 nigra
593 1017 757 1068 pallentis
771 1017 925 1053 ruminat
938 1015 1084 1060 herbas;
1117 1013 1350 1065 [Nymphae,

293 1089 379 1125 Aut
399 1086 552 1135 aliquam
572 1085 605 1121 in
624 1098 755 1136 magno
773 1083 935 1133 sequitur
963 1097 1089 1134 grege.
1164 1082 1349 1127 Claudite,

294 1154 472 1192 Dictaeae
497 1150 703 1202 Nymphae,
734 1152 1002 1202 nemorumjam
1023 1148 1181 1186 claudite
1201 1147 1325 1195 saltus,

295 1221 333 1257 Si
354 1233 425 1269 qua
447 1219 539 1256 forte
560 1217 675 1255 ferant
695 1217 808 1254 oculis
828 1231 902 1254 sese
921 1216 1028 1254 obvia
1048 1214 1178 1252 nostris

295 1285 510 1325 Errabunda
529 1286 631 1322 bovis
653 1284 802 1335 vestigia
820 1300 829 1322 :
861 1283 1009 1320 forsitan
1030 1281 1144 1326 illum,

292 1354 378 1391 Aut
397 1353 507 1390 herba
526 1360 673 1402 captum
694 1351 809 1394 viridi,
838 1360 900 1388 aut
920 1360 1080 1386 armenta
1101 1356 1281 1394 secutum,

292 1421 497 1458 Perducant
518 1418 656 1468 aliquae
677 1417 815 1455 stabula
834 1419 880 1455 ad
903 1417 1086 1466 Gortynia
1106 1429 1248 1453 vaccae.

292 1487 392 1524 Tum
413 1486 508 1523 canit
535 1485 780 1535 Hesperidum
801 1484 964 1521 miratam
987 1482 1077 1519 mala
1097 1481 1266 1532 puellam.

292 1555 392 1591 Tum
413 1551 720 1590 Phaethontiadas
741 1564 864 1587 musco
884 1549 1085 1587 circumdat
1104 1560 1241 1584 amarae

293 1618 465 1662 Corticis‚
494 1627 603 1667 atque
625 1616 700 1654 solo
721 1630 886 1666 proceras
905 1615 1012 1666 erigit
1031 1613 1142 1651 alnos.

292 1685 394 1722 Tum
413 1684 524 1727 canit,
552 1692 726 1721 errantem
750 1682 925 1720 Permessi
945 1682 991 1718 ad
1012 1680 1172 1723 flumina,
1194 1677 1345 1724 Gallum

292 1752 421 1789 Aonas
441 1751 475 1787 in
495 1750 628 1787 montis
649 1758 688 1786 ut
709 1749 852 1786 duxerit
874 1762 942 1785 una
962 1761 1125 1785 sororum
1143 1762 1153 1791 ;

293 1819 421 1867 thue
441 1817 516 1853 viro
537 1815 676 1854 Phoebi
696 1816 828 1853 chorus
848 1814 1079 1852 assurrexerit
1099 1812 1238 1859 omnis;

291 1885 348 1922 Ut
365 1884 481 1923 Linus
500 1883 587 1920 haec
606 1882 669 1928 illi,
698 1883 818 1920 divino
838 1882 992 1920 carmine
1012 1890 1149 1930 pastor,

292 1949 459 1987 Floribus
479 1959 588 2000 atque
607 1949 689 1999 apio
710 1950 815 1986 crinis
836 1958 982 1985 ornatus
1002 1961 1136 1991 amaro,

291 2017 440 2055 Dixerit
458 2032 467 2055 :
485 2017 570 2055 Hos
582 2016 647 2054 tibi
667 2017 753 2053 dant
772 2015 939 2058 calamos,
959 2029 1000 2051 en
1018 2016 1026 2052 Ξ
1051 2013 1188 2063 accipe,
1208 2027 1342 2062 musae,

291 2085 456 2122 Ascraeo
476 2097 567 2134 quos
586 2093 667 2120 ante
682 2083 754 2120 seni
773 2098 783 2128 ;
813 2083 944 2132 quibus
963 2081 1021 2118 ille
1042 2080 1180 2118 solebat

292 2150 482 2188 Cantando
504 2150 637 2201 rigidas
658 2150 835 2187 deducere
855 2149 1040 2186 montibus
1059 2161 1167 2185 ornos
1185 2158 1195 2193 ξ
1241 2174 1243 2176 -
1295 2165 1300 2168 >
1321 2167 1325 2171 ·

294 2218 368 2268 His
387 2218 453 2255 tibi
475 2218 620 2268 Grynei
637 2217 790 2255 nemoris
808 2216 950 2254 dicatur
967 2215 1071 2268 origo
1089 2230 1101 2264 3
