1529 2693
282 299 330 335 12
645 299 954 340 BUCOLICA.
1214 318 1249 342 v.
1267 307 1329 345 80.

689 413 894 450 Damoetas.

274 473 399 512 Triste
420 475 526 526 lupus
546 477 709 521 stabulis,
726 478 874 515 maturis
894 477 1060 529 frugibus
1080 479 1224 524 imbres,

273 541 484 579 Arboribus
507 543 618 586 venti,
640 542 742 579 nobis
764 542 1001 592 Amaryllidis
1019 544 1102 582 irae.

665 609 863 646 Menalcas.

272 673 395 711 Dulce
414 674 498 710 satis
518 675 663 719 humor,
687 674 846 725 depulsis
865 676 1014 712 arbutus
1034 677 1170 721 haedis,

271 739 392 776 Lenta
413 740 500 777 salix
522 739 597 777 feto
618 741 755 790 pecori,
776 741 978 779 mihi¹solus
998 743 1198 793 Amyntas.

686 808 888 846 Damoetas.

268 873 386 910 Pollio
406 884 501 910 amat
522 883 694 918 nostram,
714 875 875 924 quamvis
894 884 947 912 est
968 876 1116 921 rustica,
1135 889 1297 915 musam:

270 939 441 984 Pierides,
460 940 607 977 vitulam
626 940 753 978 lectori
774 941 911 990 pascite
927 951 1058 978 vestro.

685 1009 883 1046 IlJenalcas.

268 1073 385 1111 Pollio
405 1083 441 1109 et
460 1073 535 1123 ipse
556 1073 643 1110 facit
664 1087 754 1109 nova
773 1072 928 1108 carmina
946 1087 955 1110 :
986 1073 1122 1122 pascite
1141 1082 1298 1120 taurum,

266 1140 346 1176 Jam
366 1152 480 1175 cornu
500 1147 601 1188 petat
620 1148 657 1176 et
677 1138 831 1188 pedibus
851 1137 913 1188 qui
934 1148 1082 1190 spargat
1102 1152 1257 1177 arenam.

682 1206 884 1243 Damoetas.

266 1271 342 1320 Qui
362 1280 412 1315 te,
435 1272 566 1315 Pollio,
586 1281 695 1316 amat,
715 1272 831 1308 veniat
847 1285 920 1321 quo
937 1279 972 1308 te
989 1285 1136 1321 quoque
1155 1272 1292 1322 gaudet
1310 1287 1322 1311 ι

265 1336 380 1375 Mella
400 1338 512 1374 fluant
531 1337 594 1382 illi,
616 1337 709 1375 ferat
728 1346 765 1374 et
785 1339 895 1375 rubus
914 1351 1017 1387 asper
1041 1351 1233 1376 amomum.

683 1404 880 1442 Affenalcas.

265 1470 342 1519 Qui
365 1470 514 1507 Bavium
536 1484 605 1506 non
626 1471 717 1514 odit,
738 1479 831 1507 amet
853 1480 915 1507 tua
935 1470 1102 1514 carmina,
1127 1470 1277 1518 Macvl3,

265 1537 399 1585 Atque
419 1536 511 1572 idem
527 1539 657 1586 jungat
681 1535 816 1585 vulpes,
845 1545 882 1573 et
901 1536 1060 1587 mulgeat
1082 1536 1214 1576 hircos.

680 1604 882 1640 Damoetas.

265 1670 342 1718 Qui
361 1669 481 1720 legitis
502 1669 606 1706 flores
622 1678 658 1706 et
673 1670 773 1706 humi
793 1669 975 1707 nascentia
993 1669 1109 1720 fraga,

266 1735 448 1785 Frigidus,
464 1749 486 1771 o
502 1735 603 1785 pueri
623 1738 630 1772 !
655 1735 772 1786 fugite
786 1735 884 1780 hine,
902 1735 991 1772 latet
1007 1735 1134 1786 anguis
1148 1735 1183 1772 in
1198 1735 1320 1783 herba²

683 1802 881 1839 Menalcas.

265 1868 422 1912 Parcite,
443 1882 539 1911 oves,
556 1867 701 1904 nimium
720 1868 913 1918 procedere
932 1883 943 1913 ;
972 1882 1042 1904 non
1062 1868 1152 1905 bene
1173 1868 1268 1922 ripae

265 1936 436 1973 Creditur
452 1950 462 1972 ε
492 1935 567 1985 ipsc
587 1935 674 1972 aries
693 1936 802 1972 etiam
820 1948 914 1971 nunc
934 1934 1062 1971 vellera
1080 1934 1202 1972 siccat.

680 2003 881 2039 Damoetas.

265 2067 412 2116 Tityre,
433 2067 610 2117 pascentis
630 2082 648 2104 a
669 2067 811 2105 flumine
832 2068 923 2104 reice
943 2066 1095 2119 capellas
1112 2082 1122 2105 ε

268 2133 365 2183 lpse,
385 2134 446 2171 ubi
467 2143 610 2184 tempus
629 2133 710 2179 erit,
731 2133 844 2171 omnis
865 2134 900 2170 in
920 2132 1020 2172 fonte
1045 2133 1185 2181 lavabo2
