1493 2605
151 334 186 358 v.
203 324 292 361 Qssi.
488 319 789 358 AENEIDOS
848 320 906 359 11.
1134 323 1210 362 157

152 430 264 468 Visus
284 431 404 483 adesse
423 431 525 475 mihi,
554 431 748 482 largosque
769 430 953 468 effundere
975 431 1082 468 fletus
1101 447 1111 476 ;

154 497 341 546 Raptatus
362 497 470 547 bigis,
502 507 542 534 ut
563 499 761 547 quondam,
791 507 938 547 aterque
959 508 1113 534 cruento

154 561 322 603 Pulvere,
351 576 489 612 perque
512 564 617 612 pedes
637 566 809 613 trajectus
830 563 902 599 lom
927 564 1113 600 tumentis.

150 628 229 666 Hei
250 629 335 665 mihi
355 632 363 666 !
398 628 511 679 qualis
531 632 632 667 erat!
668 639 842 678 quantum
864 638 1026 666 mutatus
1053 631 1098 667 ab
1120 630 1182 667 illo

150 694 334 739 Hectore,
364 694 427 745 qui
447 696 540 733 redit
560 695 705 732 exuvias
721 696 869 732 indutus
892 695 1048 739 Achilli,

150 760 221 798 Vel
247 761 416 799 Danaum
439 762 622 812 Phrygios
637 761 820 813 jaculatus
850 762 1036 811 puppibus
1056 762 1150 812 ignis
1168 764 1177 799 !

150 828 385 878 squalentem
407 829 570 873 barbam,
599 837 635 865 et
664 837 857 865 concretos
878 828 1051 878 sanguine
1085 829 1208 872 crinis,

150 893 384 945 Volneraque
397 894 469 939 illa,
485 909 627 946 gerens,
649 909 741 945 quae
761 894 897 932 circum
914 895 1067 944 plurima
1087 908 1209 932 muros

149 961 317 1010 Accepit
338 962 486 1011 patrios.
545 961 659 999 Ultro
680 962 766 998 flens
786 962 863 1010 ipse
883 961 1031 998 videbar

147 1027 379 1077 Compellare
401 1028 527 1072 virum,
556 1037 594 1064 et
614 1038 768 1064 moestas
788 1042 1000 1078 expromere
1022 1043 1126 1065 voces
1143 1044 1154 1067 ι

148 1093 185 1131 O
207 1093 272 1130 lux
296 1094 504 1131 Dardaniae
521 1097 529 1132 !
564 1108 642 1146 spes
661 1109 683 1131 o
704 1094 874 1131 fidissima
894 1095 1080 1132 Teucrum
1100 1097 1108 1131 !

149 1161 255 1210 Quae
275 1170 397 1198 tantae
417 1171 563 1198 tenuere
584 1175 704 1198 morae
722 1162 734 1199 ?
763 1162 894 1211 quibus
913 1162 1062 1199 Hector
1077 1163 1121 1199 ab
1135 1162 1207 1198 oris

147 1226 378 1277 Exspectate
398 1228 523 1265 venis?
551 1237 592 1265 ut
613 1238 661 1269 te,
685 1240 769 1278 post
789 1228 902 1265 multa
922 1239 1071 1265 tuorum

147 1293 304 1338 Funera,
334 1303 419 1343 post
440 1295 555 1331 varios
575 1294 834 1345 hominumque
856 1296 1025 1346 urbisque
1051 1296 1206 1341 labores,

143 1358 294 1397 Defessi
314 1360 531 1410 adspicimus
549 1363 558 1398 !
592 1375 683 1410 quae
703 1363 988 1413 caussaindigua
1009 1376 1151 1399 serenos

143 1425 323 1464 Foedavit
342 1426 462 1464 voltus
481 1427 494 1465 ?
523 1437 587 1463 aut
607 1441 672 1463 cur
692 1428 780 1464 haec
799 1427 943 1465 volnera
963 1443 1069 1466 cerno
1085 1430 1097 1466 ἓ

145 1492 215 1530 Ille
237 1493 324 1530 ni'nil
341 1509 350 1537 ;
380 1507 446 1531 nec
465 1508 520 1530 me
541 1503 776 1543 quaerentem
797 1509 885 1530 vana
905 1506 1094 1532 moratur:

146 1559 233 1603 Sed,
255 1562 417 1610 graviter
436 1561 595 1611 gemitus
615 1560 687 1596 imo
707 1561 751 1597 de
772 1571 919 1610 pectore
940 1562 1089 1604 ducens,

144 1626 261 1664 Heu!
294 1625 396 1676 fuge,
417 1636 499 1663 nate
519 1626 599 1669 dea,
622 1635 730 1675 teque
747 1626 815 1670 his,
835 1627 899 1671 ait,
920 1630 1017 1678 eripe
1038 1630 1202 1668 fiammis.

144 1691 281 1729 Hostis
301 1691 413 1728 habet
434 1706 555 1729 muros
573 1707 583 1729 ε
614 1693 686 1728 ruit
707 1693 782 1729 alto
802 1707 822 1729 a
842 1693 997 1730 culmine
1019 1695 1146 1747 Troja.

145 1758 212 1795 Sat
232 1758 368 1810 patriae
389 1758 605 1808 Priamoque
625 1759 762 1795 datum.
816 1760 853 1796 Si
876 1760 1054 1810 Pergama
1074 1763 1202 1801 dextra

142 1823 306 1862 Defendi
327 1834 473 1874 possent
489 1839 500 1869 3
529 1824 637 1861 etiam
656 1821 724 1861 hdc
745 1823 891 1861 defensa
910 1825 1074 1864 fuissent.

146 1890 258 1927 Sacra
278 1904 434 1941 suosque
454 1890 522 1927 tibi
550 1891 783 1930 commendat>
800 1891 915 1943 Troja
939 1893 1090 1931 Penates
1107 1910 1118 1932 :

142 1956 230 1995 Hos
249 1970 338 2006 cape
357 1956 517 1993 fatorum
536 1958 689 1994 comites
707 1972 716 1995 :
748 1958 802 1994 his
821 1959 961 1995 moenia
981 1974 1126 2009 quaere,

143 2022 287 2073 Magna
306 2032 493 2073 pererrato
514 2032 651 2061 statues
671 2038 763 2074 quae
783 2025 939 2075 denique
964 2037 1093 2076 ponto.

144 2089 207 2126 Sic
226 2089 277 2125 ait
295 2103 305 2134 ;
335 2098 373 2126 et
393 2091 556 2126 manibus
572 2091 693 2135 vittas,
717 2092 944 2142 Vestamque
971 2102 1174 2142 potentem,

142 2155 426 2205 Aeternumque
446 2157 568 2207 adytis
587 2157 691 2194 effert
712 2159 955 2208 penetralibus
985 2173 1119 2209 ignem.

195 2221 355 2264 Diverso
375 2231 509 2260 interea
527 2223 724 2262 miscentur
748 2225 887 2262 moenia
906 2224 1010 2262 luctu
1026 2241 1039 2272 ς
