1493 2605
156 292 192 317 v.
213 282 299 319 153.
486 278 783 318 AENEIDOS
841 279 874 317 1.
1126 281 1201 323 125

155 389 232 427 Iste
252 390 347 441 regit
366 389 470 427 dictis
489 391 637 435 animos,
657 401 693 428 et
714 401 861 441 pectora
880 389 1039 428 mulcet:

154 456 216 493 Sic
231 450 383 492 cunctus
399 455 517 506 pelagi
533 458 664 493 cecidit
679 456 816 507 fragor,
836 470 991 506 aequora
1007 465 1199 507 postquam

154 521 382 570 Prospiciens
401 534 558 572 gemtor,
587 526 763 573 coeloque
782 524 942 559 invectus
962 534 1102 572 aperto,

153 587 289 625 Flectit
308 602 434 638 equos,
463 602 643 637 curruque
666 588 783 624 volans
803 589 866 624 dat
886 587 961 624 lora
981 589 1152 625 secundo.

207 654 352 691 Defessi
372 655 584 696 Aeneadae,
614 669 704 704 quae
727 655 903 704 proxima,
931 655 1055 691 littora
1074 669 1181 692 cursu

151 719 389 757 Contendunt
410 731 543 770 petere,
571 730 608 757 et
630 721 775 770 Libyae
798 730 985 757 vertuntur
999 722 1044 758 ad
1063 735 1156 759 oras.

206 785 276 823 Est
297 787 331 822 in
352 800 492 823 secessu
512 787 624 837 longo
646 787 770 824 locus:
804 785 917 822 insula
945 796 1093 836 portum

152 852 278 889 Efficit
301 854 445 904 objectu
466 854 631 897 laterum,
661 854 790 903 quibus
819 854 934 888 omnis
953 854 996 888 ab
1017 852 1092 889 alto

152 918 350 969 Frangitur
378 920 485 969 inque
506 920 600 956 sinus
620 920 750 956 scindit
770 932 844 955 sese
861 919 954 955 unda
974 919 1156 957 reductos.

150 984 255 1021 Hinc
267 995 376 1035 atque
391 986 474 1022 hinc
491 997 608 1022 vastae
624 1000 743 1036 rupes)
765 985 970 1036 geminique
991 985 1172 1023 minantur

150 1051 196 1088 In
217 1051 359 1088 coelum
379 1053 533 1102 scopuli,
562 1066 715 1102 quorum
736 1053 801 1088 sub
819 1052 948 1088 vertice
968 1051 1040 1088 late

149 1120 329 1167 Aequora
349 1129 428 1156 tuta
448 1118 549 1155 silent
567 1134 576 1156 ε
608 1129 685 1155 tum
707 1118 800 1155 silvis
819 1131 922 1154 scena
943 1117 1100 1155 coruscis

149 1183 335 1234 Desuper,
355 1185 588 1234 horrentique
601 1197 717 1221 atrum
734 1198 856 1220 nemus
872 1184 1033 1220 imminet
1048 1185 1185 1221 umbra.

151 1250 287 1288 Fronte
308 1252 373 1288 sub
393 1252 538 1288 adversa
557 1251 712 1300 scopulis
743 1250 981 1300 pendentibus
1000 1260 1142 1287 antrum
1156 1266 1169 1288 ε

152 1317 261 1354 Intus
281 1330 393 1367 aquae
413 1317 549 1361 dulces,
578 1318 730 1367 vivoque
750 1316 871 1353 sedilia
899 1330 984 1352 saxo
1002 1331 1011 1353 ε

153 1383 409 1433 Nympharum
429 1377 571 1421 domus.
621 1384 700 1421 Hac
728 1383 833 1420 fessas
854 1398 923 1419 non
944 1383 1082 1420 vincula
1103 1383 1197 1421 navis

150 1449 240 1487 Ulla
259 1459 380 1487 tenent
399 1466 409 1495 ς
439 1464 532 1487 unco
561 1465 630 1487 non
652 1450 788 1501 adligat
807 1463 938 1486 ancora
957 1463 1090 1488 morsu.

150 1515 241 1553 Huc
262 1526 398 1566 septem
418 1518 564 1554 Aeneas
584 1516 745 1554 collectis
766 1516 913 1552 navibus
941 1515 1039 1551 omni

150 1582 212 1619 Ex
232 1596 380 1620 numero
400 1572 498 1620 subit
516 1599 526 1628 ς
555 1598 611 1627 ac,
631 1597 764 1634 magno
783 1582 923 1618 telluris
942 1594 1063 1617 amore

150 1648 313 1698 Egressi,
341 1658 470 1698 optata
491 1650 680 1698 potiuntur
700 1649 820 1685 Troe's
841 1661 959 1690 arena,

150 1714 205 1751 Et
225 1714 295 1751 sale
315 1715 472 1751 tabentis
487 1725 586 1752 artus
606 1716 641 1750 in
662 1714 784 1750 littore
805 1722 958 1762 ponunt.

148 1781 213 1817 Ac
234 1781 388 1829 primum
407 1780 496 1818 silici
516 1780 703 1817 scintillam
723 1779 871 1816 excudit
893 1778 1074 1822 Achates,

151 1847 393 1897 Suscepitque
412 1847 534 1897 ignem
554 1846 662 1890 foliis,
690 1856 800 1896 atque
821 1845 918 1881 arida
937 1846 1074 1882 circum

150 1911 385 1949 Nutrimenta
403 1913 517 1956 dedit,
547 1913 738 1963 rapuitque
753 1913 788 1948 in
808 1911 935 1947 fomite
955 1912 1144 1949 flammam.

150 1977 253 2014 Tum
269 1979 450 2023 Cererem,
465 1989 673 2028 corruptam
695 1979 812 2021 undis,
843 1977 1074 2027 Cerealiaque
1089 1991 1196 2024 arma,

152 2043 381 2093 Expediunt,
410 2044 491 2082 fessi
511 2059 627 2082 rernm
647 2060 657 2088 3
687 2044 884 2095 frugesque
902 2053 1065 2093 receptas

151 2108 206 2159 {Et
226 2118 361 2147 torrere
380 2122 504 2160 parant
528 2112 691 2154 flammis,
721 2121 758 2148 et
779 2110 943 2160 frangere
964 2123 1062 2147 saxo·

202 2174 351 2215 Aeneas
370 2177 560 2230 scopulum
581 2178 715 2215 interea
729 2176 951 2221 conscendit,
971 2186 1008 2213 et
1027 2189 1169 2213 omnem
