1493 2605
189 339 225 363 v.
242 325 306 366 75.
484 321 784 385 AENEIDOS
840 320 913 359 IV.
1153 324 1231 362 205

191 436 430 485 Sidoniasque
448 442 607 472 ostentat
626 446 726 484 opes,
745 433 943 484 urbemque
962 442 1148 483 paratam;

191 503 327 552 Incipit
347 501 459 545 effari,
486 501 673 550 mediaque
702 501 734 537 in
757 514 843 537 voce
862 499 1017 538 resistit:

188 569 299 608 Nunc
317 568 454 613 eadem,
473 567 614 604 labente
633 567 702 610 die,
722 566 882 603 con‘vivia
901 566 1055 616 quaerit,

188 633 392 684 Iliacosque
411 635 539 671 iterum
559 634 702 671 demens
722 633 843 669 audire
861 632 1001 670 labores

187 701 384 751 Exposcit,
403 701 608 750 pendetque
627 700 757 736 iterum
779 700 951 736 narrantis
970 700 1015 736 ab
1034 714 1111 738 ore.

189 767 296 811 Post,
324 767 385 804 ubi
404 767 565 818 digressi,
591 766 784 816 lumenque
802 766 955 802 obscura
975 766 1126 802 vicissim

188 835 298 873 Luna
317 832 460 884 premit,
493 833 715 883 suadentque
733 832 897 869 cadentia
916 832 1030 869 sidera
1048 847 1206 878 somnos,

189 900 274 939 Sola
291 901 399 937 domo
419 909 553 937 moeret
572 913 696 944 vacua,
725 899 917 948 stratisque
942 898 1073 936 relictis

188 967 366 1005 Incubat:
386 966 486 1003 illurn
501 967 626 1003 absens
641 966 825 1003 absentem
838 966 1025 1015 auditque,
1042 966 1226 1017 videtque:

187 1033 274 1070 Aut
295 1032 432 1084 gremio
452 1032 670 1074 Ascanium,
692 1032 867 1083 genitoris
886 1031 1039 1082 imagine
1057 1043 1177 1082 capta,

187 1100 358 1144 Detinet,
377 1098 562 1136 infandum
583 1099 611 1136 si
630 1098 751 1135 fallere
771 1099 884 1148 possit
902 1112 1058 1136 amorem

188 1165 274 1204 Non
299 1175 450 1215 coeptae
473 1174 663 1216 assurgunt
684 1175 798 1202 turres
817 1182 826 1210 ;
860 1178 930 1201 non
950 1179 1046 1202 arma
1060 1169 1232 1217 juventus

187 1233 363 1276 Exercet,
393 1241 559 1284 portusve
579 1240 642 1268 aut
662 1230 934 1282 propugnacula
951 1231 1047 1269 bello

187 1298 291 1336 Tuta
310 1307 436 1349 parant
454 1313 463 1335 :
493 1298 651 1348 pendent
670 1311 780 1347 opera
798 1298 1013 1347 interrupta,
1044 1298 1231 1349 minaeque

186 1364 382 1403 Murorum
401 1364 579 1415 ingentes,
608 1373 833 1414 aequataque
853 1364 1016 1401 machina
1035 1364 1150 1401 coelo.

240 1431 362 1481 Quam
382 1430 485 1467 simul
504 1444 545 1468 ac
565 1430 628 1468 tali
648 1431 821 1480 persensit
842 1440 942 1480 peste
961 1432 1079 1468 teneri

185 1497 280 1536 Cara
297 1498 397 1536 Jovis
415 1499 585 1549 conjunx,
614 1511 678 1534 nec
700 1496 830 1534 famam
849 1497 993 1534 obstare
1013 1497 1125 1534 furori
1141 1512 1152 1543 3

186 1564 340 1601 Talibus
359 1564 572 1615 aggreditur
591 1565 769 1600 Venerem
790 1564 956 1602 Saturnia
976 1564 1107 1601 dictis:

185 1630 388 1681 Egregiam
408 1644 490 1667 vero
509 1630 652 1667 laudem
671 1640 706 1667 et
727 1630 840 1680 spolia
859 1629 977 1679 ampla
997 1629 1138 1666 refertis
1193 1636 1196 1640 '

186 1697 324 1746 Tuque
344 1710 505 1746 puerque
523 1705 608 1733 tuus
626 1712 635 1734 :
667 1709 837 1747 magnum
864 1704 902 1732 et
921 1695 1152 1732 memorabile
1171 1710 1235 1733 nu.

186 1763 274 1800 Una
293 1762 377 1798 dolo
398 1762 517 1799 divom
538 1763 566 1799 si
587 1763 717 1800 femina
737 1763 829 1800 victa
848 1763 1002 1799 duorum
1022 1772 1088 1799 est.
1117 1765 1234 1812 [men,
1290 1763 1295 1767 ’

186 1829 268 1867 Nec
289 1843 345 1866 me
364 1830 453 1866 adeo
473 1828 579 1873 fallit,
608 1829 758 1866 veritam
778 1839 814 1866 te
834 1829 972 1865 moenia
993 1839 1115 1865 nostra

187 1895 384 1944 Suspectas
404 1895 570 1932 habuisse
591 1896 718 1933 domos
747 1895 979 1945 Carthaginis
996 1894 1099 1932 altae.

188 1961 261 1998 Sed
279 1961 359 2011 quis
371 1962 439 1998 erit
454 1962 602 1999 modus?
622 1972 683 1998 aut
701 1976 773 2012 quo
790 1975 883 1998 nunc
898 1971 1091 1998 certamine
1103 1971 1205 1999 tanto
1221 1963 1235 2001 ἓ

188 2028 288 2076 Quin
305 2028 427 2077 potius
443 2041 568 2078 pacem
583 2038 762 2066 aeternam
779 2038 980 2078 pactosque
1002 2028 1237 2078 Hymenaeos

187 2094 411 2131 Exercemus
429 2096 440 2133 ?
460 2095 584 2139 habes,
604 2105 685 2133 tota
705 2096 805 2146 quod
824 2107 943 2132 mente
962 2096 1084 2145 petisti
1104 2110 1114 2133 ε

187 2160 313 2199 Ardet
332 2174 451 2200 amans
472 2162 590 2207 Dido,
610 2163 795 2212 traxitque
815 2176 879 2212 per
896 2176 976 2199 ossa
994 2163 1164 2201 furorem.

187 2226 429 2266 Communem
444 2228 541 2267 hunc
556 2243 646 2282 ergo
659 2229 835 2280 populum
842 2230 1061 2281 paribusque
1070 2244 1236 2282 regamus
