1493 2605
203 286 237 309 v.
254 275 344 312 493.
510 270 858 310 GEORGICON
916 271 973 308 ΙΙ.
1206 272 1256 312 75

203 382 427 421 Fortunatus
446 392 481 419 et
501 381 574 425 ille,
595 382 681 419 deos
701 381 763 432 qui
784 381 884 419 novit
904 372 1071 433 agrestis,

200 448 382 499 Panaque,
394 449 652 499 Silvanumque
666 448 1073 498 senem,Nymphasque
1088 449 1245 485 sorores!

200 515 311 552 Illum
331 529 401 552 non
421 515 549 565 populi
568 514 695 558 fasces,
716 528 787 551 non
807 528 968 564 purpura
987 527 1117 564 regum

198 580 334 625 Rexit,
353 590 390 619 et
410 582 540 618 infidos
561 581 700 632 agitans
720 580 898 617 discordia
917 579 1061 624 fratres,

195 647 282 684 Aut
303 650 494 699 conjurato
513 647 730 684 descendens
760 647 889 684 Dacus
907 646 952 683 ab
976 645 1110 683 Histro
1129 661 1140 691 ;

195 713 281 752 Non
302 727 356 751 res
379 714 577 757 Romanae,
597 713 828 764 perituraque
848 726 960 763 regna
978 728 988 749 ι
1018 725 1135 761 neque
1156 710 1214 748 ille

193 780 281 817 Aut
302 779 418 817 doluit
439 780 606 817 miserans
626 780 784 829 inopem,
805 788 867 816 aut
887 779 1015 815 invidit
1035 778 1198 816 habenti.

194 846 301 896 Quos
321 846 406 883 rami
426 845 583 889 fructus,
604 860 696 896 quos
716 847 793 896 ipsa
815 844 970 882 volentia
989 859 1072 882 rura

195 913 336 962 Sponte
353 910 467 950 tulere
488 927 564 956 sua,
584 913 718 962 carpsit
736 928 746 956 3
778 926 842 949 nec
861 911 975 949 ferrea
989 914 1085 963 jura,

193 979 436 1029 Insanumque
451 978 584 1022 forum,
604 989 666 1016 aut
686 978 814 1029 populi
834 978 1011 1016 tabularia
1031 979 1134 1016 vidit.

247 1045 453 1083 Sollicitant
470 1046 529 1082 alii
547 1046 652 1083 remis
672 1045 765 1083 freta
784 1058 904 1089 caeca,
924 1055 1110 1095 ruuntque

191 1112 238 1149 In
258 1111 391 1149 ferrum
411 1128 421 1156 3
450 1121 638 1162 penetrant
658 1112 754 1149 aulas
774 1122 811 1149 et
831 1112 949 1148 limina
975 1127 1102 1163 regum
1120 1128 1131 1151 z

191 1178 272 1217 Hic
293 1180 386 1228 petit
405 1179 555 1216 excidiis
574 1179 700 1215 urbem
721 1179 940 1228 miserosque
964 1179 1123 1224 Penatis,

190 1245 250 1283 Ut
270 1258 411 1295 gemma
426 1245 540 1288 bibat,
560 1254 596 1281 et
617 1245 767 1281 Sarrano
787 1244 983 1281 indormiat
1003 1254 1103 1282 ostro
1121 1260 1131 1282 ε

187 1311 329 1351 Condit
347 1326 434 1362 opes
454 1312 555 1354 alius,
573 1311 789 1361 defossoque
808 1311 955 1348 incubat
977 1325 1077 1349 auro.

187 1377 268 1415 Hic
281 1386 403 1428 stupet
419 1378 596 1415 attonitus
615 1377 760 1414 Rostris
774 1391 783 1414 :
806 1377 903 1414 hunc
919 1377 1064 1427 plausus
1079 1379 1239 1417 hiantem

187 1443 259 1481 Per
277 1458 409 1482 cuneos
430 1444 631 1495 geminatus
651 1444 746 1481 enim
766 1443 955 1493 plebisque
977 1455 1196 1495 patrumque

185 1511 387 1561 Corripuit.
446 1512 618 1550 Gaudent
640 1510 776 1560 perfusi
795 1511 967 1562 sanguine
987 1511 1154 1558 fratrum,

183 1576 405 1628 Exsilioque
424 1578 551 1615 domos
571 1588 607 1614 et
628 1576 747 1614 dulcia
767 1577 888 1614 limina
908 1588 1064 1623 mutant,

182 1643 318 1694 Atque
337 1643 405 1681 alio
435 1645 587 1694 patriam
607 1652 786 1694 quaerunt
806 1644 873 1680 sub
893 1644 967 1681 sole
982 1647 1177 1696 jacentem.

179 1709 367 1760 Agricola
385 1710 534 1747 incurvo
562 1719 693 1747 terram
713 1710 866 1747 dimovit
887 1720 1006 1748 aratro
1024 1726 1033 1748 :

180 1775 285 1813 Hinc
305 1776 386 1813 anni
405 1776 508 1813 labor
525 1792 535 1821 ;
565 1776 649 1814 hinc
670 1777 821 1829 patriam
841 1791 1042 1828 parvosque
1062 1788 1213 1828 nepotes

179 1841 345 1879 Sustinet
361 1858 372 1887 3
393 1842 477 1880 hinc
492 1853 651 1880 armenta
666 1845 790 1888 boum,
807 1845 1026 1894 meritosque
1040 1847 1227 1896 juvencos.

177 1909 260 1947 Nec
279 1909 434 1959 requies,
455 1909 540 1960 quin
561 1921 623 1947 aut
644 1912 760 1960 pomis
779 1911 953 1948 exuberet
973 1925 1100 1956 annus,

176 1975 262 2012 Aut
284 1974 361 2012 fetu
382 1990 566 2026 pecorum,
595 1987 659 2013 aut
682 1976 840 2015 Cerealis
861 1978 1014 2029 mergite
1034 1978 1143 2015 culmi
1162 1995 1173 2025 ;

177 2041 437 2093 Proventuque
457 2052 581 2080 oneret
606 2043 736 2087 sulcos,
762 2056 872 2094 atque
897 2044 1024 2081 horrea
1043 2046 1174 2083 vincat.

175 2109 287 2146 Venit
307 2110 420 2147 hiems
438 2125 448 2149 ε
478 2110 609 2148 teritur
630 2110 803 2161 Sicyonia
824 2112 936 2148 bacca
955 2112 1108 2162 trapetis
1125 2128 1136 2157 ;

177 2174 323 2215 Glande
342 2191 422 2216 sues
440 2177 524 2216 laeti
543 2179 694 2216 redeunt
711 2193 722 2223 ;
753 2179 841 2217 dant
859 2179 991 2219 arbuta
1011 2179 1116 2218 silvae
1131 2195 1143 2227 3

643 2244 736 2283 K2
