1493 2605
239 285 292 320 ³4
603 283 913 324 BUCOLICA.
1181 299 1215 326 v-
1233 291 1297 329 61.

236 392 440 444 Agricolae
459 394 640 445 stringunt
663 395 821 440 frondes,
840 396 913 439 hic,
939 394 1073 442 Moeri,
1100 410 1294 446 canamus;

237 459 316 498 Hic
338 460 470 497 haedos
490 461 631 510 deponc-
649 477 658 506 ;
688 471 807 499 tamen
828 463 1009 501 veniemus
1028 465 1062 501 in
1084 467 1210 504 urbem
1227 482 1238 505 :

234 527 334 570 Aut,
356 527 397 569 si,
418 541 488 563 nox
510 527 665 576 pluviam
686 541 729 564 ne
749 528 899 580 colligat
919 541 1016 574 ante,
1037 540 1213 578 veremur,

232 593 432 631 Cantantes
452 594 535 630 lieet
557 608 683 644 usque,
705 596 820 632 minus
840 596 893 632 via
912 596 1043 641 laedat,
1061 612 1195 637 eamus.

233 659 434 697 Cantantes
454 670 495 697 ut
514 674 650 705 eamus,
669 676 742 713 ego
763 663 833 700 hoc
857 673 893 699 te
914 662 1008 701 fasce
1028 663 1169 702 levabo.

652 730 824 768 'Moerin

234 793 373 832 Desine
392 794 509 845 plura,
530 809 619 847 puer
635 811 646 841 ;
675 806 727 842 et,
746 796 846 847 quod
861 811 955 836 nunc
974 798 1099 843 instat,
1117 812 1266 850 agamus
1283 814 1294 837 e

232 861 401 900 Carmina
419 871 499 900 tum
518 863 656 909 melius,
677 877 791 915 quum
812 865 948 903 venerit
966 866 1056 916 ipse,
1076 879 1256 905 canemus.

577 1116 821 1157 ECLOGA
889 1118 942 1156 X.

439 1262 1076 1324 GALLUS.

230 1400 378 1443 Errat
388 1416 485 1441 ΜυΜ
500 1402 611 1447 hunc,
626 1402 830 1447 Arethusa,
842 1402 929 1440 mihi
940 1403 1102 1441 concede
1114 1403 1287 1444 laborem.

229 1472 351 1510 Pauca
372 1485 451 1508 meo
473 1470 596 1514 Gallo,
618 1471 680 1508 sed
698 1484 790 1520 quae
809 1470 908 1522 legat
928 1471 1003 1520 ipsa
1023 1470 1196 1520 Lycoris,

227 1539 395 1577 Carmina
423 1547 504 1575 sunt
534 1538 685 1575 dicenda
705 1552 715 1575 ε
744 1547 853 1589 neget
874 1538 953 1588 quis
972 1538 1128 1575 carmina
1149 1537 1289 1577 Gallo?

230 1607 291 1644 Sic
311 1605 393 1647 tibi,
414 1619 526 1655 quum
548 1604 682 1642 fluctus
703 1604 947 1642 subterlabere
969 1605 1131 1650 Sicanos,

226 1673 341 1712 Doris
361 1686 479 1711 amara
499 1686 597 1710 suam
617 1685 685 1709 non
706 1672 948 1709 intermisceat
967 1672 1113 1709 undam.

228 1742 356 1792 Incipe
374 1756 384 1779 :
415 1739 590 1778 sollicitos
611 1738 713 1778 Galli
732 1738 892 1776 dicamus
911 1752 1062 1784 amores,

225 1806 331 1847 Dum
352 1817 474 1845 tenera
494 1805 686 1843 attondent
706 1806 812 1843 simae
831 1805 988 1858 virgulta
1007 1805 1179 1856 capellae.

227 1875 312 1914 Non
335 1874 494 1912 canimus
515 1872 629 1910 surdis
647 1887 657 1910 ε
679 1873 897 1923 respondent
916 1872 1036 1909 omnia
1055 1871 1174 1909 silvae.

278 1945 385 1993 Quae
406 1953 562 1984 nemora,
582 1947 645 1976 aut
665 1938 728 1989 qui
744 1952 806 1975 vos
825 1937 937 1975 saltus
955 1938 1126 1981 habuere,
1147 1936 1290 1988 puellae

227 2008 378 2051 Na'sdes,
398 2006 548 2057 indigno
568 2019 680 2056 quum
701 2004 833 2044 Gallus
851 2017 971 2042 amore
990 2004 1122 2054 periret
1139 2005 1153 2042 ?

226 2076 324 2115 Nam
345 2087 460 2124 neque
481 2072 625 2111 Parnasi
641 2071 743 2110 vobis
758 2073 861 2124 juga,
881 2085 961 2108 nam
976 2085 1091 2121 neque
1112 2071 1218 2110 Pindi

224 2141 314 2180 Ulla
333 2153 469 2177 moram
488 2138 619 2182 fecere,
647 2151 762 2188 neque
782 2137 908 2175 Aonie
927 2137 1144 2189 Aganippe.

229 2206 340 2244 Illum
357 2207 467 2244 ctiam
484 2205 591 2251 lauri,
609 2205 718 2243 etiam
737 2205 866 2243 flevere
884 2204 1041 2255 myricae
1058 2218 1069 2241 ε
