1529 2693
291 322 341 357 ‘24
647 321 955 360 BUCOLICA.
1256 334 1290 363 v.
1305 328 1346 364 5.-

289 431 340 470 Et
361 416 505 470 cantare
526 447 639 482 part-S,
660 442 697 470 ct
716 433 931 482 respondere
950 434 1078 483 parati.

287 497 377 536 Huc
400 500 498 544 mihi,
517 500 602 536 dum
623 510 761 536 teneras
780 498 936 535 defendo
957 512 976 535 a
996 498 1129 550 frigore
1156 509 1309 551 myrtos,

284 565 354 602 Vir
366 568 486 617 gregis
500 567 573 616 ipse
586 580 694 616 caper
705 566 946 610 deerrasset-au
962 574 1070 615 atque
1083 580 1153 617 ego
1168 567 1346 617 Daphnin

283 633 466 683 Adspicio
485 649 493 671 ε
525 633 596 676 ille,
626 633 687 668 ubi
708 646 764 668 me
783 641 909 669 contra
930 631 1041 675 videt,
1062 632 1191 678 Ocius,
1211 632 1345 683 inquit,

283 699 375 738 Huc
395 700 491 743 ades,
507 714 529 735 o
551 699 731 736 Meliboee
747 701 755 736 !
788 711 896 747 caper
914 698 981 735 tibi
1002 697 1132 743 salvus,
1151 707 1189 736 et
1208 699 1313 737 haedi
1327 714 1339 738 ε

285 765 352 808 Et,
373 767 398 803 si
421 767 508 816 qnid
529 780 664 803 cessare
686 775 802 818 potes,
822 765 1005 815 requiesce
1025 766 1092 802 sub
1113 766 1254 803 umbra.

284 832 375 870 Huc
396 833 460 884 ipsi
482 842 609 884 potum
631 833 770 869 venient
790 847 854 882 per
873 842 976 882 prata
991 832 1135 884 juvenci
1152 847 1162 869 :

283 899 362 936 Hic
385 900 501 936 viridis
519 909 642 936 tenera
663 898 839 948 praetexit
860 898 1031 934 arundine
1051 898 1146 948 ripas

281 964 458 1009 Mincius,
476 980 569 1015 eque
589 979 686 1002 sacra
706 974 871 1002 resonant
891 964 1054 1001 examina
1083 978 1234 1014 quercu.

281 1033 384 1082 Quid
398 1032 571 1070 facerem?
584 1045 698 1082 neque
710 1045 781 1082 ego
795 1031 998 1080 Alcippen,
1010 1044 1075 1068 nec
1091 1030 1344 1082 Phyllida,ha-

280 1097 470 1148 Depulsos
483 1113 502 1135 a
511 1098 604 1135 lacte
617 1098 712 1135 domi
725 1111 817 1148 quae
830 1097 1014 1134 clauderet
1026 1111 1157 1149 agnos:
1176 1097 1344 1148 [bebam,

280 1164 335 1202 Et
351 1174 531 1202 certamen
543 1174 633 1209 erat,
645 1164 821 1214 Corydon
837 1177 919 1201 cum
933 1163 1135 1214 Thyrside,
1153 1175 1337 1215 magnum·

279 1230 484 1268 Posthabui
504 1241 621 1268 tamen
641 1231 784 1268 illorum
805 1244 882 1268 mea
901 1230 989 1268 seria
1008 1230 1108 1268 ludo.

279 1296 448 1334 Alternis
467 1297 580 1348 igitur
598 1297 815 1334 contendere
835 1297 994 1334 versibus
1022 1297 1139 1335 ambo.-

278 1364 443 1412 coepere
461 1377 471 1400 ε
501 1362 657 1400 alternos
677 1377 797 1400 musae
817 1363 1017 1400 meminisse
1036 1363 1218 1402 volebant.

278 1429 369 1467 Hos
389 1429 576 1479 Corydon,
600 1429 680 1466 illos
700 1429 879 1467 referebat
898 1429 934 1466 in
953 1428 1077 1466 ordine
1098 1429 1267 1480 Thyrsis.

719 1496 893 1549 Corydon.

278 1561 620 1612 Nymphae‚noster
631 1576 742 1608 amor,
751 1563 1000 1608 Libethrides,
1012 1572 1074 1600 aut
1086 1562 1172 1599 mihi
1183 1575 1339 1609 carmen,

279 1628 400 1677 Quale
419 1642 499 1665 meo
520 1628 659 1674 Codro,
679 1629 868 1667 concedite
886 1645 897 1675 ;
925 1629 1089 1679 proxima
1110 1629 1252 1667 Phoebi

278 1694 455 1731 Versibus
473 1693 531 1731 ille
551 1694 638 1731 facit
656 1710 666 1732 :
696 1704 773 1740 aut,
794 1695 822 1733 si
842 1709 913 1732 non
934 1708 1125 1745 possumus
1144 1692 1279 1744 omnes,

279 1760 359 1799 Hic
378 1771 508 1812 arguta
528 1774 626 1798 sacra
643 1761 815 1811 pendebit
831 1761 952 1799 fistula
970 1761 1071 1812 pinu.

722 1828 883 1881 Thyrsis.

279 1892 461 1938 pastores,
480 1893 613 1931 hedera
631 1903 851 1932 crescentem
869 1903 995 1932 ornate
1014 1896 1179 1944 poetam,

276 1961 458 2005 Arcades,
476 1960 608 1997 invidia
626 1969 839 2011 rumpantur
856 1970 898 1997 ut
916 1960 977 1996 ilia
996 1960 1119 1998 Codro
1137 1975 1147 1998 ε

277 2026 378 2070 Aut,
398 2026 426 2063 si
447 2026 540 2063 ultra
558 2026 732 2076 placitum
751 2026 919 2072 laudarit,
939 2026 1089 2064 baccare
1108 2025 1265 2065 frontem

279 2091 442 2143 Cingite,
462 2106 505 2130 ne
525 2092 596 2129 vati
615 2102 744 2130 noceat
765 2093 856 2130 mala
873 2092 999 2144 lingua
1017 2091 1155 2130 futuro.

268 2194 271 2196 .
718 2160 893 2213 Corydon.

282 2224 401 2262 Setosi
421 2235 533 2276 caput
552 2225 622 2266 hoc
637 2226 713 2279 apri
727 2227 808 2276 tibi,
828 2226 950 2275 Delia,
969 2240 1099 2278 parvus
