1493 2605
225 280 277 317 811·
488 282 855 340 =GEORGICON
912 283 993 321 111.
1134 299 1166 321 v.
1186 286 1273 324 189.

227 392 426 437 Invalidus,
445 394 627 444 etiamque
647 404 815 438 tremens,
834 395 942 431 etiam
962 395 1093 432 inscius
1112 395 1201 433 aevi.

227 460 302 503 At,
322 462 437 497 tribus
456 461 606 505 exactis,
629 461 688 497 ubi
710 470 837 510 quarta
857 462 1046 499 accesserit
1066 471 1195 506 aestas,

227 528 387 578 Carpere
408 543 490 564 mox
512 541 644 578 gyrum
665 527 828 576 incipiat,
857 528 1102 578 gradibusque
1122 542 1247 566 sonare

227 591 675 644 Compositis,'sinuetque
695 593 829 630 alterna
845 593 1026 631 volumina
1045 609 1205 640 crurum,

228 661 358 710 Sitque
376 661 555 698 laboranti
577 660 698 697 similis
717 676 727 705 ς
757 669 834 697 tum
854 661 1019 698 cursibus
1039 675 1153 706 auras,

225 726 327 763 Tum
348 736 468 770 vocet,
483 740 538 771 ac,
559 740 624 776 per
638 735 762 776 aperta
778 726 912 771 volans,
929 741 995 764 ceu
1011 726 1102 764 liber
1116 728 1277 773 habenis,

225 793 420 844 Aequora,
441 793 499 830 vix
521 807 658 830 summa
679 793 832 843 vestigia
852 802 964 843 ponat
983 807 1115 831 arena:

225 860 356 910 Qualis
378 859 636 911 Hyperboreis
656 859 800 910 Aquilo
829 874 942 910 quum
963 860 1094 897 densus
1114 861 1159 897 ab
1179 861 1251 897 oris

225 918 416 970 Incubuit,
438 926 685 976 Scythiaeque
705 926 832 964 hiemis
853 937 963 976 atque
984 926 1083 963 arida
1103 926 1224 964 differt

224 993 387 1032 Nubila:
418 978 497 1030 tum
526 1002 666 1043 segetes
687 993 780 1030 altae
800 993 989 1043 campique
1009 1002 1172 1030 natantes

228 1059 393 1097 Lenibus
413 1060 629 1097 horrescunt
651 1059 786 1103 flabris,
808 1073 1040 1109 summaeque
1061 1073 1228 1097 sonorem

229 1127 336 1165 Dant
357 1125 478 1170 silvae,
507 1126 682 1178 longique
704 1135 864 1177 urguent
884 1126 929 1162 ad
949 1126 1073 1163 littora
1092 1126 1253 1164 fluctus=

227 1192 296 1230 Ille
316 1192 426 1238 volat,
447 1193 552 1230 simul
572 1206 654 1230 arva
674 1193 776 1245 fuga,
797 1193 900 1230 simul
920 1206 1078 1243 aequora
1098 1206 1251 1230 verrens.

228 1259 309 1298 Hic
329 1259 385 1297 vel
404 1260 449 1296 ad
470 1259 553 1297 Elei
574 1270 686 1297 metas
704 1270 741 1297 et
761 1261 916 1297 maxima
935 1259 1053 1310 campi

230 1326 387 1364 Sudabit
407 1326 535 1376 spatia,
554 1337 589 1364 et
612 1341 756 1377 spumas
775 1336 861 1378 aget
881 1341 944 1363 ore
965 1334 1132 1363 cruentas
1150 1340 1160 1371 ;

228 1393 381 1444 Belgica
402 1393 456 1431 vel
475 1394 574 1430 molli
594 1394 718 1431 melius
739 1393 830 1431 feret
850 1393 972 1430 esseda
991 1392 1099 1430 collo.

227 1460 328 1497 Tum
349 1460 493 1497 demum
513 1475 630 1497 crassa
650 1474 823 1511 magnum
843 1459 1021 1510 farragine
1041 1472 1175 1508 corpus

226 1528 398 1566 Crescere
409 1529 482 1578 jam
498 1527 644 1564 domitis
658 1527 783 1572 sinit0;
798 1540 953 1576 namque
966 1534 1046 1562 ante
1061 1525 1279 1563 domandum

229 1593 396 1644 Ingentis
417 1593 546 1630 tollent
567 1594 716 1638 animos,
738 1594 929 1644 prensique
950 1593 1139 1644 negabunt

228 1661 392 1698 Verbera
410 1645 616 1710 lenta'pati,
636 1669 673 1697 et
693 1661 792 1698 duris
811 1674 935 1710 parere
953 1659 1101 1710 lupatis.

283 1728 358 1766 Sed
378 1742 449 1765 non
470 1727 543 1764 ulla
563 1727 678 1779 magis
699 1727 789 1765 vires
809 1727 986 1765 industria
1005 1727 1138 1772 firmat,

230 1796 353 1845 Quam
374 1795 554 1831 Venerem
574 1803 611 1831 et
631 1794 727 1831 caeci
748 1793 913 1831 stimulos
934 1802 1093 1830 avertere
1111 1792 1255 1839 amoris,

230 1862 313 1901 Sive
332 1862 459 1906 boum,
477 1860 547 1898 sive
566 1870 622 1898 est
641 1861 699 1898 cui
719 1860 860 1912 gratior
878 1874 963 1898 usus
982 1874 1173 1910 equorum.

231 1930 366 1979 Atque
386 1928 467 1965 ideo
487 1937 610 1965 tauros
629 1927 758 1978 procul
787 1936 897 1977 atque
917 1926 951 1963 in
972 1927 1047 1964 sola
1064 1927 1226 1978 relegant

229 1998 469 2046 Pascua‚post
480 2004 640 2032 montem
651 1993 916 2044 oppositum‚et
927 2003 1025 2030 trans
1036 1993 1184 2033 flumina
1194 1993 1281 2040 lata3

230 2065 319 2102 Aut
338 2064 436 2100 intus
455 2062 595 2099 clausos
616 2070 736 2098 satura
755 2060 800 2097 ad
820 2060 1002 2112 praesepia
1020 2069 1174 2098 servant.

233 2129 363 2179 Carpit
383 2130 475 2166 enim
495 2128 585 2165 vires
604 2127 805 2178 paullatim,
826 2127 970 2177 uritque
990 2126 1158 2172 videndo,

230 2195 378 2234 Femina
389 2211 399 2241 ς
414 2209 477 2234 nec
491 2208 677 2235 nemorum
689 2193 829 2246 patitur
840 2192 1052 2240 meminisse,
1060 2207 1124 2232 nec
1136 2192 1281 2231 herbae.
