1493 2605
269 325 344 363 196
524 319 534 327 “
560 322 863 362 AENEIDOS
923 324 1003 361 111.
1180 339 1213 363 v.
1228 329 1318 365 550.

267 436 594 486 Grajugem'imquc
613 436 740 472 domos
760 445 999 486 suspectaque
1010 435 1205 487 linquimus
1225 450 1319 476 arva.

268 502 374 540 Hinc
394 503 490 540 sinus
512 502 703 547 Herculei,
733 502 760 538 si
781 516 862 539 vera
882 511 937 540 est
960 502 1066 547 fama,
1087 503 1241 541 Tarenti

265 569 452 607 Cernitur.
483 569 643 606 Attollit
664 582 700 606 se
721 569 802 606 diva
820 568 974 606 Lacinia
993 580 1134 615 contra,

266 635 513 686 Caulonisque
534 650 646 682 arces,
679 645 716 673 et
737 635 961 687 navifragum
985 637 1212 687 Scylaceum.

266 701 370 740 Tum
392 702 520 752 procul
539 717 558 740 e
579 703 695 740 fluctu
715 704 905 741 Trinacria
925 703 1086 741 cernitur
1106 705 1248 749 Aetna,

267 769 322 808 Et
343 770 521 821 gemitum
541 770 727 822 ingentem
749 770 883 822 pelagi,
912 770 1128 820 pulsataque
1147 784 1246 816 saxa,

265 837 456 874 Audimus
475 837 598 889 longe,
628 837 833 887 fractasque
853 838 897 874 ad
917 837 1043 874 littora
1061 851 1167 874 voces
1185 853 1196 882 ;

264 903 540 953 Exsultantque
560 904 662 947 vada,
685 914 796 954 atque
817 914 918 942 aestu
938 905 1136 941 miscentur
1153 918 1293 943 arenae.

264 971 321 1008 Et
340 981 444 1021 pater
464 971 649 1008 Anchises
668 987 676 1010 :
701 971 882 1009 Nimirum
899 972 987 1008 haec
1003 970 1063 1008 illa
1083 971 1290 1022 Charybdis
1308 989 1320 1019 ;

264 1038 352 1076 Hos
368 1038 534 1075 Helenus
550 1038 734 1089 scopulos,
754 1038 841 1076 haec
858 1052 943 1075 saxa
958 1039 1136 1077 horrenda
1152 1042 1318 1079 canebat.

263 1105 425 1154 Eripite,
445 1119 468 1142 ο
488 1104 575 1142 socii
592 1108 599 1142 !
625 1106 832 1155 pariterque
852 1105 1028 1157 insurgite
1048 1106 1166 1144 remis.

259 1171 378 1210 Haud
398 1171 514 1208 minus
532 1185 572 1209 ac
589 1172 677 1223 jussi
696 1172 835 1210 faciunt
855 1189 865 1218 ;
901 1173 1108 1224 primusque
1127 1174 1319 1212 rudentem

260 1239 454 1276 Contorsit
473 1239 589 1276 laevas
610 1253 754 1289 proram
788 1239 977 1277 Palinurus
997 1240 1042 1276 ad
1062 1241 1199 1279 undas:

261 1305 424 1343 Laevam
442 1315 577 1343 cuncta
597 1306 729 1342 cohors
749 1306 856 1343 remis
876 1306 1062 1356 ventisque
1082 1307 1225 1357 petivit.

261 1371 448 1409 Tollimur
467 1372 500 1408 in
525 1372 667 1409 coelum
687 1381 838 1410 curvato
868 1373 1030 1424 gurgite,
1060 1382 1095 1410 et
1116 1373 1212 1410 idem

261 1440 456 1477 Subducta
475 1440 520 1476 ad
542 1439 664 1476 Manis
682 1439 775 1476 imos
796 1440 990 1477 desidimus
1011 1440 1120 1478 unda.

259 1507 340 1544 Ter
358 1506 499 1557 scopuli
521 1506 714 1544 clamorem
734 1507 828 1544 inter
848 1521 934 1543 cava
955 1521 1039 1544 saxa
1059 1507 1190 1544 dedere
1208 1523 1220 1545 ε

260 1573 340 1611 Ter
359 1587 523 1624 spumam
543 1573 679 1618 elisam,
699 1583 737 1611 et
757 1574 914 1611 rorantia
930 1574 1083 1611 vidimus
1101 1585 1210 1612 astra.

259 1642 406 1679 Interea
424 1640 538 1678 fessos
557 1649 686 1678 ventus
706 1654 789 1678 cum
807 1639 880 1677 sole
902 1640 1047 1691 reliquit
1066 1657 1076 1686 ς

257 1709 456 1761 Ignarique
477 1709 552 1745 viae
571 1707 782 1759 Cyclopum
802 1707 1006 1745 adlabimur
1025 1708 1110 1746 oris.

311 1777 446 1815 Portus
466 1775 510 1813 ab
531 1788 675 1812 accessu
690 1784 880 1812 ventorum
899 1775 1086 1820 immotus,
1106 1784 1144 1813 et
1163 1775 1293 1828 ingens

256 1845 342 1894 Ipse
360 1859 369 1882 :
392 1843 454 1880 sed
473 1842 652 1879 horrificis
666 1844 775 1893 juxta
793 1850 900 1878 tonat
921 1843 1048 1880 Aetna
1069 1843 1192 1887 ruinis,

257 1911 524 1960 Interdumque
543 1918 657 1946 atram
687 1909 893 1959 prorumpit
914 1910 958 1945 ad
978 1909 1124 1946 aethera
1143 1911 1290 1955 nubem,

256 1979 426 2016 Turbine
445 1977 644 2014 fumantem
665 1976 783 2027 pice0,
812 1986 848 2013 et
865 1977 1041 2014 candente
1061 1976 1179 2013 favilla
1196 1993 1206 2021 ;

255 2044 490 2094 Attollitque
513 2043 644 2095 globos
666 2043 904 2088 flammarum,
923 2054 960 2080 et
981 2043 1095 2080 sidera
1115 2043 1241 2081 lambit
1260 2059 1269 2082 ε

258 2111 451 2148 Interdum
472 2110 659 2161 scopulos,
679 2109 873 2161 avolsaque
893 2110 1024 2148 viscera
1046 2110 1178 2147 montis

257 2177 382 2228 Erigit
401 2186 582 2221 eructans,
603 2176 874 2228 liquefactaque
895 2191 980 2214 saxa
1000 2177 1067 2214 sub
1087 2190 1190 2213 auras

256 2243 353 2290 Cum
373 2244 513 2296 gemitu
533 2243 726 2296 glomerat,
749 2244 937 2295 fundoque
956 2252 1146 2282 exaestuat
1163 2243 1251 2286 imo,

1482 2531 1491 2549 ..-
1476 2037 1493 2513 -,...-ι-.ι.,...“ᾲ..*,.ῌ.-....,
