1493 2605
202 306 236 332 r.
256 297 316 335 τες.
507 279 852 332 oEoRfflcoN
912 280 944 329 1'.
1206 283 1252 330 41

198 403 392 441 Sustuleris
412 403 556 454 fragiles
576 403 730 440 calamos
750 403 944 452 silvamque
972 410 1168 439 sonantem.

197 472 283 508 Urit
304 471 398 508 enimv
414 470 475 507 lini
495 483 660 519 campum
682 483 796 520 segeS,
817 469 887 506 urit
907 482 1035 506 avenae
1053 484 1064 514 ;

195 538 319 574 Urunt
340 537 507 574 Lethaeo
526 535 670 586 perfusa
689 549 865 586 papavera
883 549 1026 574 somno.

194 604 265 640 Sed
286 613 403 640 tamen
425 603 568 640 alternis
588 602 702 640 facilis
723 603 826 640 labor
844 619 852 642 :
883 603 980 640 arida
997 611 1142 640 tantum

193 669 252 706 Ne
272 679 428 707 saturare
449 670 534 706 fimo
554 668 682 719 pingui
701 669 838 718 pudeat
857 669 932 706 sola
949 684 960 714 ς
988 682 1077 706 neve

192 736 336 774 Effetos
356 737 509 774 cinerem
527 734 751 772 immundum
766 736 904 785 jactare
923 749 989 785 per
1007 748 1127 787 agros,

192 802 252 839 Sic
273 816 418 852 quoque
438 801 585 838 mutatis
604 800 835 850 requiescunt
855 800 990 838 fetibus
1009 814 1091 838 arva
1108 815 1119 839 ε

191 859 270 905 Nec
291 868 385 905 nulla
405 868 540 905 interea
558 877 614 905 est
633 868 790 905 inaratae
810 868 928 919 gratia
945 876 1074 906 terrae.⁵

238 934 355 984 Saepe
373 934 480 971 etiam
500 933 636 971 steriles
654 934 843 971 incendere
863 933 1002 984 profuit
1020 948 1142 986 agros,

189 1001 323 1050 Atque
341 1001 454 1038 levem
473 1000 642 1051 stipulam
661 1001 921 1051 crepitantibus
940 1016 1042 1039 urere
1068 1001 1217 1039 flammis
1234 1019 1244 1042 :

192 1067 273 1104 Sive
292 1068 375 1105 inde
394 1067 555 1104 occultas
573 1068 675 1113 vites,
695 1076 731 1105 et
750 1068 884 1117 pabula
901 1077 1018 1105 terrae

190 1132 345 1184 Pinguia
372 1133 580 1184 concipiunt
598 1149 609 1178 ;
639 1135 711 1172 sive
729 1134 796 1172 illis
811 1148 916 1171 omne
936 1148 1001 1185 per
1017 1134 1141 1186 ignem

189 1199 424 1250 Excoquitur
441 1200 580 1246 vitium,
608 1210 717 1251 atque
735 1201 888 1238 exsudat
905 1201 1042 1238 inutilis
1061 1201 1191 1239 humor
1207 1217 1219 1248 ;

191 1266 264 1303 Seu
285 1266 397 1316 pluris
416 1266 515 1303 calor
532 1266 590 1303 ille
609 1267 681 1304 vias
698 1277 736 1304 et
755 1280 862 1304 caeca
879 1267 1016 1305 relaxat

191 1332 427 1382 spiramenta,
456 1346 564 1370 novas
578 1333 694 1370 veniat
714 1343 786 1383 qua·
804 1346 932 1371 succus
951 1334 987 1371 in
1006 1334 1134 1371 herbas
1152 1349 1164 1380 ;

191 1400 263 1436 Seu
284 1399 389 1436 durat
408 1399 536 1450 magis,
564 1409 601 1437 et
620 1414 725 1437 venas
744 1400 938 1452 adstringit
957 1400 1102 1446 hiantis,

189 1465 247 1503 Ne
267 1475 390 1502 tenues
411 1465 566 1515 pluviae,
585 1467 743 1517 rapidive
763 1468 929 1518 potentia
947 1466 1032 1505 solis

188 1533 339 1578 Acrior,
359 1543 422 1569 aut
443 1533 580 1570 Boreae
600 1534 821 1584 penetrabile
840 1534 956 1587 frigus
975 1535 1115 1574 adurat.

242 1599 405 1638 Multum
424 1600 526 1645 adeo,
547 1600 667 1638 rastris
687 1600 811 1652 glebas
826 1602 887 1651 qui
902 1600 1038 1653 frangit
1057 1602 1190 1647 inertis,

187 1666 443 1716 Vimineasque
462 1667 574 1704 trahit
594 1677 722 1712 crates,
747 1670 848 1719 juvat
867 1682 949 1705 arva
965 1684 977 1714 ;
1006 1682 1122 1719 neque
1141 1669 1242 1708 illurn

189 1733 300 1771 Flava
319 1735 427 1772 Ceres
447 1733 521 1770 alto
541 1734 784 1784 nequidquam
803 1744 944 1785 spectat
964 1735 1130 1786 Olympo
1147 1751 1157 1774 :

188 1803 243 1841 Et
263 1803 339 1853 qui,
368 1803 545 1852 proscisso
565 1816 656 1852 quae
677 1802 826 1839 suscitat
845 1816 1000 1852 aequore
1019 1811 1135 1855 terga,

190 1869 331 1907 Rursus
349 1869 384 1906 in
404 1869 591 1919 obliquum
613 1883 714 1906 verso
734 1869 936 1919 perrumpit
951 1878 1083 1914 aratro,

188 1936 422 1986 Exercetque
441 1935 608 1986 frequens
626 1928 805 1979 tellurem,
833 1944 944 1986 atque
966 1936 1120 1987 imperat
1138 1941 1240 1979 arvis.⁴

239 2003 406 2040 Humida
424 2002 577 2039 solstitia
596 2011 706 2052 atque
725 2001 858 2039 hiemes
877 2011 978 2040 orate
999 2017 1150 2050 serenas,

186 2068 387 2119 Agricolae
405 2084 416 2114 ς
436 2069 586 2106 hiberno
600 2068 793 2106 laetissima
810 2068 954 2119 pulvere
973 2069 1080 2114 farra,

186 2135 326 2173 Laetus
345 2149 431 2187 ager
448 2142 458 2174 :'
488 2135 587 2172 nullo
606 2143 749 2172 tantum
768 2149 803 2172 se
823 2134 946 2185 Mysia
964 2135 1068 2173 cultu

188 2203 324 2245 Jactat‚
344 2211 381 2239 et
399 2202 477 2252 ipsa
497 2216 575 2240 suas
590 2201 764 2240 mirantur
784 2202 953 2253 Gargara
972 2203 1104 2240 messis.

249 2267 365 2307 Toni.
398 2269 430 2306 1.
717 2270 748 2307 F
