1493 2605
225 316 305 352 ‘212
517 314 831 356 ‘AENEIDOS
889 318 961 356 IV.
1137 333 1169 356 v.
1188 320 1279 363 271,

232 427 336 476 Quid
355 427 461 463 struis
476 428 489 464 ?
507 437 569 464 aut
591 442 660 478 qua
681 442 743 478 spe
765 429 922 479 Libycis
941 430 1026 467 teris
1046 430 1121 468 otia
1147 431 1253 468 terris
1270 431 1283 467 ἶ

233 493 274 530 Si
293 502 332 530 te
352 493 447 530 nulla
467 503 585 530 movet
606 503 788 532 tantarum
809 494 926 545 gloria
945 510 1077 541 rerum,

233 558 314 596 Nec
335 573 442 609 super
460 561 537 610 ipsc·
557 570 621 597 tua
641 560 774 598 moliris
794 561 899 598 laude
919 561 1076 600 laborem
1096 579 1106 608 ς

233 625 437 662 Ascanium
458 637 669 677 surgentem
690 637 725 664 et
748 642 827 678 spes
848 628 991 666 heredis·
1013 629 1083 666 Iuli

236 690 409 741 Respice,
438 693 498 729 cui
521 707 672 743 regnum
697 694 821 731 Italiae
852 695 1091 745 Romanaque
1113 695 1218 733 tellus

232 757 443 795 Debentur.
475 758 574 803 Tali,
597 760 799 809 Cyllcnius,
829 775 890 798 ore
912 761 1072 806 locutus,

233 822 406 861 Mortalis
426 825 518 862 visus
539 827 657 864 medio
678 841 838 864 sermone
858 827 1019 877 reliquit,

233 888 288 927 Et
308 891 438 940 procul
458 892 492 928 in
513 901 658 930 tenuem
679 909 723 931 ex
740 894 855 931 oculis
875 894 1018 932 evanuit
1039 908 1177 932 auram.

288 958 350 995 At
372 972 456 995 vero
475 959 622 998 Aeneas
643 962 819 1011 adspectu
840 963 1028 999 obmutuit
1048 976 1180 1006 amens,

232 1024 488 1074 Arrectaeque
503 1026 652 1064 horrore
671 1042 807 1074 comae,
827 1038 861 1065 et
881 1042 950 1065 vox
966 1028 1131 1066 faucibus
1151 1029 1280 1066 haesit.

232 1092 357 1129 Ardet
377 1092 476 1129 abire
497 1092 599 1144 suga,
626 1094 814 1144 dulcisque
835 1095 1035 1146 relinquefe
1055 1106 1181 1140 terras,

235 1158 439 1195 Attonitus
459 1169 564 1196 tanto
583 1161 723 1198 monitu
745 1161 965 1212 imperioque
986 1164 1148 1201 deorum.

235 1224 345 1264 Heu!
363 1225 452 1274 quid
464 1228 657 1277 agat?quo
673 1242 766 1265 nunc
783 1229 942 1280 reginam
958 1230 1092 1267 ambire
1108 1229 1288 1267 furentem

234 1293 390 1331 Audeat
410 1293 550 1332 affatu?
579 1308 669 1344 quae
690 1295 803 1345 prima
823 1296 971 1333 exordia
991 1306 1108 1334 sumat
1127 1299 1140 1335 ἓ

234 1361 370 1411 Atque
384 1361 541 1398 animum
557 1376 651 1398 nunc
668 1362 740 1399 huc
756 1361 925 1407 celerem,
938 1377 1032 1400 nunc
1045 1363 1172 1401 dividit
1188 1363 1287 1409 illuc,

233 1428 279 1465 In
299 1428 484 1479 partisque
504 1429 598 1477 rapit
619 1429 744 1472 varim,
765 1443 900 1478 perque
920 1429 1038 1466 omnia
1058 1440 1188 1468 versat.

233 1495 341 1532 Haec
361 1495 549 1532 alternanti
570 1495 693 1544 potior
711 1496 888 1533 sententia
909 1496 979 1532 visa
999 1506 1054 1533 est
1074 1511 1083 1534 :
1137 1497 1282 1547 [thum‚

235 1561 429 1599 Mnesthea
461 1563 747 1613 Sergestumque
774 1572 894 1604 vocat,
921 1562 1126 1612 fortemque
1155 1563 1289 1601 Cloan-

235 1627 399 1666 Classem
419 1638 547 1678 aptent
567 1628 683 1671 taciti,
704 1628 821 1665 socios
842 1629 887 1665 ad
907 1628 1031 1665 littora
1050 1639 1185 1680 cogant
1205 1645 1216 1674 ;

235 1695 357 1731 Arma
376 1704 516 1744 parent,
538 1704 588 1738 et,
610 1708 701 1745 quae
722 1695 769 1732 sit
788 1696 895 1732 rebus
913 1709 1038 1732 caussa
1058 1696 1241 1742 novandis,

235 1762 481 1800 Dissimulent
500 1777 509 1799 z
541 1776 616 1799 sese
635 1762 784 1806 interea,
814 1763 960 1812 quando
979 1764 1118 1812 optima
1139 1764 1244 1801 Dido

235 1828 400 1872 Nesciat,
419 1838 455 1867 et
476 1837 597 1866 tantos
617 1829 733 1881 rumpi
755 1842 824 1865 non
845 1841 965 1879 speret
986 1843 1138 1874 amores,

236 1894 484 1932 Tentaturum
507 1895 640 1939 aditus,
667 1906 704 1932 et
724 1909 816 1946 quae
836 1895 1044 1932 mollissima
1063 1895 1163 1933 fandi

238 1961 437 2011 Tempora,
459 1962 538 2011 quis
557 1962 664 1999 rebus
684 1962 813 1999 dexter
831 1963 972 1999 modus.
1004 1962 1120 2000 Ocius
1139 1976 1262 2000 omnes

239 2029 399 2078 Imperio
418 2028 503 2066 laeti
523 2038 664 2078 parent,
684 2042 725 2066 ac
741 2030 838 2079 jussa
858 2028 1055 2066 facessunt.

291 2095 352 2132 At
372 2096 496 2146 regina
516 2095 620 2132 dolos
658 2096 759 2148 (quis
779 2094 900 2133 fallere
920 2095 1035 2145 possit
1055 2105 1233 2133 amantem
1250 2096 1298 2148 ?)

240 2162 456 2206 praesensit,
479 2171 673 2212 motusque
692 2162 837 2212 excepit
858 2162 972 2212 prima
991 2161 1150 2206 futuros,

237 2227 372 2266 Omnia
389 2237 472 2266 tuta
489 2229 632 2268 timens.
664 2228 804 2267 Eadem
823 2228 932 2279 impia
953 2228 1064 2265 Fama
1083 2227 1218 2273 furenti

1485 2508 1493 2605 μ-ω
1474 2289 1493 2501 M-ss—.-Q—
1488 2198 1493 2282 Qu..
1484 1830 1493 2188 *Qu-*AQ-
