1493 2605
191 291 242 328 56
457 289 806 329 GEORGICON
865 291 897 330 1.
1114 308 1148 331 v.-
1166 296 1256 333 4962

191 401 275 439 Aut
297 401 465 451 gravibus
487 402 608 439 rastris
627 402 748 453 galeas
767 402 924 452 pulsabit
944 404 1070 450 inanis,

193 469 431 518 Grandinque
450 468 588 505 effossis
608 468 798 506 mirabitur
811 483 892 507 ossa
908 472 1093 522 sepulcris.

243 536 297 573 Di
321 536 438 585 patrii,
458 536 658 586 Indigetes,
677 545 714 572 et
738 536 909 583 Romule,
924 538 1111 589 Vestaque
1126 547 1254 584 mater,

187 604 293 652 Quae
313 602 480 638 Tuscum
502 602 666 638 Tiberim
687 611 724 640 et
749 603 914 640 Romana
936 604 1069 655 palatia
1090 618 1219 650 servas,

186 668 302 705 Hnnc
324 668 448 705 saltem
468 683 592 705 everso
608 672 773 721 juvenem
794 684 1004 709 succurrere
1025 671 1143 709 saeclo

186 735 244 772 Ne
266 735 457 784 prohibete
477 738 485 773 !
520 736 704 788 Satisjam
725 738 866 787 pridem
886 739 1060 790 sanguine
1080 748 1205 776 nostro

183 801 485 840 Laomedonteae
505 802 636 843 luimus
656 805 811 857 perjuria
830 805 980 857 TrOJae.

182 869 261 906 Jain
285 870 423 918 pridem
447 871 550 907 nobis
569 871 660 909 coeli
681 881 718 909 te
737 873 850 923 regia,
871 873 1016 918 Cacsar,

183 935 342 980 Invidet,
364 946 474 987 atque
489 938 676 976 hominum
694 940 858 989 queritur
873 953 998 977 curare
1014 939 1218 990 triumphos
1234 956 1254 978 :⁸

183 1002 332 1053 Quippe
349 1004 408 1040 nbi
426 1003 478 1041 fas
495 1019 635 1042 versum
650 1015 760 1055 atque
775 1005 897 1051 nefas;
919 1015 978 1043 tot
998 1005 1091 1043 bella
1111 1021 1175 1057 per
1188 1021 1247 1044 or-

179 1067 277 1105 Tam
294 1069 427 1107 multae
443 1070 617 1108 scelerum
633 1071 762 1116 facies;
784 1085 855 1108 non
871 1071 966 1109 ullus
981 1081 1100 1110 aratro
1125 1073 1244 1124 [bem,

179 1135 331 1185 Dignus
346 1136 460 1173 honos
476 1152 486 1182 3
517 1138 682 1188 squalent
697 1139 866 1176 abductis
884 1152 966 1176 arva
985 1139 1138 1186 colonis,

180 1201 232 1238 Et
253 1216 382 1240 curvae
400 1203 558 1254 rigidum
579 1204 688 1243 falces
707 1206 912 1243 conflantur
929 1205 964 1242 in
984 1220 1105 1243 ensem
1123 1221 1135 1251 ς

179 1268 282 1307 Hinc
303 1281 424 1308 movet
446 1272 671 1322 Euphrates,
688 1272 786 1310 illinc
807 1273 1004 1312 Germania
1021 1272 1156 1310 bellum
1174 1290 1185 1319 3

176 1337 327 1374 Vicinae
346 1338 463 1389 ruptis
483 1339 578 1376 inter
597 1352 633 1376 se
652 1338 795 1390 legibus
814 1339 921 1377 urbes

175 1404 296 1441 Arma
316 1405 438 1442 ferunt
454 1420 464 1450 ;
495 1405 606 1442 saevit
625 1414 708 1443 toto
737 1404 842 1443 Mars
861 1405 993 1456 impius
1012 1407 1100 1443 orbe
1117 1421 1127 1443 ε

176 1471 248 1515 Ut,
268 1485 381 1521 quum
401 1472 605 1510 carceribus
625 1486 700 1510 sese
713 1472 873 1510 effudere
892 1472 1104 1523 quadrigae,

174 1538 336 1576 Addunt
356 1539 391 1575 in
412 1539 539 1589 spatia,
564 1548 616 1584 et,
645 1539 781 1578 frustra
800 1539 999 1577 retinacula
1017 1540 1180 1585 tendens,

176 1603 308 1641 Fertur
326 1604 427 1654 equis
447 1604 585 1656 auriga,
608 1619 726 1655 neque
744 1605 991 1643 audit'currus
1011 1606 1177 1646 habenas.

890 2048 933 2084 Ρ.
965 2043 1225 2089 VIRGILIT
