1493 2605
204 312 256 348 52
428 358 438 364 α
498 311 847 350 GEORGICON
905 312 974 355 1..
1122 327 1155 349 v.
1175 315 1266 364 384,

206 421 391 460 Dulcibus
411 422 444 460 in
466 423 602 475 stagnis
622 424 797 461 rimantur
816 431 918 473 prata
948 424 1108 474 Caystri,

204 489 385 528 Certatim
405 489 527 541 largos
547 489 703 526 humeris
718 489 906 527 infundere
925 504 1038 534 rores,

202 557 313 595 Nunc
334 567 447 607 caput
466 559 650 608 objectare
669 555 785 600 fretis,
805 570 899 594 nunc
919 571 1062 595 currere
1081 556 1115 595 in
1134 559 1260 603 undas,

202 623 256 661 Et
277 623 398 660 studio
418 624 593 660 incassum
615 623 731 660 videas
751 623 884 675 gestire
904 623 1057 662 lavandi.

202 691 304 730 Tum
319 690 445 727 cornix
465 689 570 740 plena
588 689 748 740 pluviam
769 700 873 727 vocat
893 690 1059 741 improba
1078 705 1181 737 voce,

206 757 260 794 Et
280 756 355 794 sola
373 756 408 793 in
429 757 523 794 sicca
543 770 663 794 secum
684 757 864 808 spatiatur
883 770 999 795 arena.

205 822 264 862 Ne
285 833 462 861 nocturna
481 823 627 874 quidem
647 834 838 874 carpentes
858 838 968 874 pensa
987 824 1127 875 puellae

204 891 397 929 Nescivere
416 891 584 935 hiemem,
613 901 708 929 testa
729 905 842 941 quum
862 892 1009 929 ardente
1030 892 1194 930 viderent

203 956 405 995 Scintillare
424 957 556 1002 oleum,
583 967 621 995 et
641 957 757 1008 putris
776 971 1007 995 concrescere
1028 957 1176 1010 fungos.

258 1024 338 1063 Nec
360 1025 476 1062 minus
495 1038 540 1061 ex
560 1024 665 1061 imbri
685 1024 776 1061 soles
796 1033 834 1061 et
854 1033 980 1075 aperta
1001 1039 1123 1063 serena

210 1092 437 1142 Prospicere,
464 1103 502 1129 et
522 1091 630 1129 certis
650 1092 786 1142 poteris
807 1105 1029 1143 cognoscere
1048 1092 1171 1143 signis.

210 1159 308 1197 Nam
328 1172 444 1210 neque
464 1172 542 1197 turn
564 1158 676 1197 stellis
695 1158 789 1196 acies
808 1159 941 1196 obtusa
960 1159 1104 1196 videtur
1120 1173 1131 1204 3

209 1225 291 1264 Nec
312 1225 432 1263 fratris
450 1226 557 1263 radiis
577 1225 737 1263 obnoxia
757 1239 904 1277 surgere
926 1224 1035 1263 Luna
1052 1241 1062 1271 ς

205 1292 350 1330 Tenuia
368 1306 433 1330 nec
452 1292 550 1330 lanae
571 1306 636 1343 per
654 1291 798 1329 coelum
818 1291 947 1328 vellera
967 1291 1050 1329 ferri
1070 1307 1079 1330 :

208 1361 296 1399 Non
316 1360 482 1410 tepidum
502 1360 548 1397 ad
570 1358 692 1397 Solem
713 1372 846 1409 pennas
866 1358 899 1394 in
921 1357 1045 1395 littore
1068 1359 1230 1409 pandunt

209 1425 382 1465 Dilectae
402 1426 557 1464 Thetidi
578 1425 746 1476 alcyones
766 1441 775 1471 ;
805 1438 876 1461 non
897 1439 958 1462 ore
980 1425 1120 1462 solutos

208 1492 393 1530 Immundi
413 1492 603 1530 meminere
625 1505 705 1529 sues
721 1494 858 1543 jactare
878 1491 1069 1541 maniplos».

205 1559 268 1597 At
283 1558 432 1596 nebulae
445 1559 560 1610 magis
572 1559 642 1595 ima
657 1567 802 1609 petunt,
817 1571 1020 1608 campoque
1033 1560 1269 1604 recumbunt3

207 1625 318 1671 Solis,
345 1635 396 1670 et,
417 1639 585 1663 occasum
608 1639 750 1663 servans
769 1625 814 1662 de
833 1624 989 1662 culmine
1009 1638 1162 1669 summo,

206 1691 466 1743 Nequidquam
487 1705 583 1729 seros
602 1700 749 1729 exercet
767 1701 903 1729 noctua
922 1701 1061 1730 cantus·

205 1761 381 1811 Apparet
399 1759 540 1809 liquido
560 1758 722 1796 sublimis
741 1757 777 1795 in
796 1760 877 1796 ae're
898 1758 1024 1804 Nisus,

208 1827 262 1865 Et
282 1840 349 1877 pro
370 1839 555 1876 purpureo
575 1839 710 1876 poenas
729 1825 794 1863 dat
816 1824 940 1875 Scylla
959 1823 1105 1875 capillo.

209 1895 454 1943 Quacumque
472 1891 532 1928 illa
549 1891 662 1928 levem
681 1890 825 1942 fugiens
845 1899 943 1928 secat
971 1891 1118 1928 aethera
1131 1891 1271 1941 pennis,

212 1962 312 1999 Ecce
330 1962 338 1997 !
374 1958 539 1996 inimicus
558 1967 676 2002 atrox,
704 1971 838 2008 magno
858 1957 1011 1994 stridore
1031 1971 1097 2006 per
1115 1971 1218 1994 auras

211 2027 422 2078 Insequitur
442 2026 553 2064 Nisus
571 2040 580 2062 :
612 2038 683 2075 qua
703 2037 738 2061 se
758 2023 829 2061 fert
851 2023 961 2062 Nisus
981 2024 1025 2060 ad
1045 2037 1165 2068 auras,

211 2094 280 2131 Illa
298 2093 412 2131 levem
431 2092 575 2143 fugiens
593 2091 726 2141 raptim
746 2102 843 2128 secat
863 2090 1007 2128 aethera
1027 2090 1164 2141 pennis.

210 2161 313 2198 Tum
331 2158 484 2210 liquidas
504 2158 603 2196 corvi
623 2172 746 2208 presso
766 2167 823 2195 ter
842 2166 994 2209 gutture
1016 2171 1120 2194 voces

216 2227 301 2265 Aut
321 2236 450 2277 quater
469 2225 691 2278 ingeminant
710 2241 721 2271 ;
749 2233 785 2262 et
808 2238 912 2275 saepe
932 2224 1113 2264 cubilibus
1132 2224 1226 2270 altis,
