1493 2605
179 289 212 314 v.
232 267 318 314 158.
484 269 832 310 GEORGICON
887 268 944 307 11.
1182 273 1235 310 63

173 385 240 423 An
262 397 370 426 mare,
391 383 490 433 quod
507 396 625 434 supra,
641 395 848 425 memorem,
875 374 1047 431 quodque
1060 380 1162 418 alluit
1181 382 1234 418 in.

174 451 287 488 Anne
306 450 404 486 lacus
424 458 545 486 tantos
561 450 573 487 ἓ
601 458 652 492 te,
672 447 762 485 Lari
781 447 948 497 maxime,
967 456 1089 497 teque,
1129 447 1205 498 [fra
1221 449 1236 486 ἓ

174 517 367 555 Fluctibus
385 526 423 554 et
443 515 590 552 fremitu
606 528 807 565 assurgens,
830 514 986 557 Benace,
1006 513 1141 550 marino
1159 515 1173 552 ἓ

175 583 241 620 Αη
263 596 456 619 memorem
476 590 619 631 portus,
640 581 877 630 Lucrinoque
895 581 1019 617 addita
1038 580 1207 626 claustra,

175 649 307 699 Atque
325 648 553 698 indignatum
573 646 710 697 magnis
730 646 944 683 stridoribus
962 661 1110 697 aequor,

174 716 197 753 J
201 715 270 752 ulia
289 728 361 765 qua
379 723 494 764 ponto
514 713 624 763 longe
649 721 752 749 sonat
773 713 868 749 unda
887 713 1022 758 refuso,

175 780 464 831 Tyrrhenusque
485 778 586 816 fretis
605 777 815 814 immittitur
842 788 962 816 aestus
983 781 1139 818 Avernis
1157 783 1169 819 ?

178 846 286 884 Haec
306 847 431 884 eadem
452 845 594 896 argenti
613 844 707 881 rivos
728 844 888 894 aerisque
908 844 1051 882 metalla

179 912 353 950 Ostendit
373 912 481 955 venis,
500 920 611 960 atque
631 924 717 947 auro
739 909 891 960 plurima
911 911 1029 949 fluxit.

178 979 284 1016 Haec.
298 991 412 1029 genus
425 991 505 1015 acre
518 978 644 1020 virum,
658 976 1027 1028 Marsos,pubemquc
1043 979 1235 1025 Sabellam,

177 1046 462 1094 Adsuetumque
482 1043 575 1080 malo
595 1042 790 1093 Ligurem,
811 1042 1039 1094 Volscosque
1060 1056 1219 1091 verutos,

177 1110 346 1156 Extulit3
372 1111 460 1147 haec
476 1109 628 1153 Decios,
645 1109 797 1153 Marios,
813 1123 1036 1160 magnosque
1051 1112 1238 1158 Camillos,

179 1177 366 1228 Scipiadas
386 1176 495 1213 duros
513 1175 624 1220 bello,
643 1184 680 1212 et
699 1185 750 1219 te,
771 1176 923 1212 maxime
942 1176 1088 1222 Caesar,

179 1245 254 1295 Qui
270 1257 378 1287 nunc,
397 1242 566 1280 extremis
580 1242 696 1279 Asiae
710 1244 784 1293 jam
804 1243 921 1279 victor
939 1243 975 1279 in
993 1243 1079 1288 oris,

181 1310 370 1347 Imb-›llem
389 1309 516 1346 avertis
542 1308 714 1345 Romanis
733 1308 875 1346 arcibus
897 1309 1042 1347 Indum.

182 1378 300 1421 Salve,
329 1390 458 1428 magna
477 1389 604 1428 parens
624 1374 786 1425 frugum,
809 1375 978 1412 Saturnia
995 1375 1100 1413 tellus
1119 1380 1127 1415 !

180 1443 321 1495 Magna
340 1443 450 1481 virum
467 1457 476 1480 ε
508 1442 575 1478 tibi
595 1455 650 1478 res
669 1442 836 1491 antiquae
855 1441 970 1478 laudis
989 1451 1026 1479 et
1046 1443 1133 1480 artis

182 1510 390 1561 Ingredior,
411 1517 555 1546 sanctos
576 1522 682 1546 ausus
702 1507 885 1545 recludere
905 1507 1030 1553 fontis,

182 1577 457 1626 Ascraeumque
477 1588 567 1612 cano
590 1575 755 1611 Romana
774 1588 839 1624 per
857 1575 994 1624 oppida
1011 1589 1167 1614 carmen.

235 1643 344 1680 Nunc
359 1641 462 1678 locus
476 1633 640 1677 arvorum
655 1640 827 1691 ingeniis;
848 1654 938 1689 quae
952 1641 1082 1678 robora
1093 1643 1239 1692 cuique,

184 1710 278 1760 Quis
297 1708 412 1752 color,
432 1717 469 1744 et
489 1720 580 1757 quae
600 1706 646 1742 sit
665 1706 772 1742 rebus
791 1715 917 1742 natura
936 1704 1104 1745 ferendis.

182 1773 362 1813 Difficiles
383 1773 537 1824 primum
555 1783 683 1817 terrae,
702 1771 883 1822 collesque
903 1772 1064 1824 maligni,

184 1841 322 1880 Tenuis
342 1840 405 1877 ubi
423 1839 551 1890 argilla
569 1849 606 1876 et
627 1839 784 1875 dumosis
799 1837 958 1876 calculus
978 1840 1082 1884 arvis,

185 1906 343 1945 Palladia
362 1906 521 1957 gaudent
542 1905 628 1941 silva
648 1905 776 1942 vivacis
798 1904 911 1941 olivae
929 1920 938 1942 z

186 1973 329 2010 Indicio
349 1982 404 2010 est
423 1981 543 2009 tractu
564 1985 712 2023 surgens
731 1970 885 2008 oleaster
902 1973 1030 2010 eodem

187 2039 382 2083 Plurimus,
401 2048 439 2076 et
459 2038 562 2076 strati
581 2039 701 2076 baccis
720 2038 939 2076 silvestribus
958 2039 1049 2090 agri.

189 2106 261 2149 At,
281 2118 371 2154 quae
390 2105 550 2156 pinguis,
569 2106 713 2150 humus,
733 2105 901 2155 dulcique
920 2105 1053 2156 uligine
1071 2105 1179 2152 laeta,

188 2174 336 2223 Quique
353 2172 522 2222 frequens
542 2172 661 2210 herbis
680 2182 717 2210 et
736 2172 863 2210 fertilis
882 2173 989 2211 ubere
1012 2187 1158 2226 campus
1173 2191 1194 2220 3-
