1493 2605
224 243 278 281 94
464 239 813 280 GEORmCON
872 241 952 279 111.
1130 254 1164 280 v.
1181 243 1271 281 46⁸.

223 353 413 391 Continuo
432 353 576 403 culpam
599 353 694 390 ferro
713 367 919 402 compesce,
940 352 1039 404 prius
1058 366 1167 404 quam

224 420 319 458 Dira
341 434 404 471 per
424 421 606 457 incautum
629 429 771 469 serpant
792 419 962 471 contagia
983 420 1124 472 volgus.

226 487 310 525 Non
333 498 404 524 tam
426 488 552 524 creber
570 500 681 538 agens
700 486 852 523 hiemem
874 487 945 524 ruit
965 500 1120 538 aequore
1148 488 1273 534 turbo,

223 556 346 605 Quam
367 553 500 591 multae
524 553 705 603 pecudum
731 562 848 602 pestes
871 568 880 591 :
913 567 976 591 nec
997 554 1138 605 singula
1157 554 1273 593 morbi

224 623 389 671 Corpora
410 620 605 671 corripiunt
627 634 637 665 ;
668 619 728 656 sed
751 628 831 656 tota
851 620 984 657 aestiva
1005 630 1166 671 repente,

225 688 410 737 Spemque
428 700 650 738 gregemque
670 685 787 729 simul,
807 695 1050 737 cunctamque
1069 687 1114 723 ab
1134 686 1274 738 origine

223 753 325 791 Tum
341 753 445 798 sciat,
465 754 576 792 a'c'rias
592 753 702 803 Alpis
716 762 750 790 et
770 753 904 790 Norica
921 753 948 790 si
965 753 1045 803 quis
1087 757 1271 806 [gentem.

224 820 384 858 Casteua
403 820 436 857 in
457 820 618 864 tumulis,
638 830 674 858 et
696 820 832 870 lapidis
852 833 932 856 arva
953 819 1113 864 Timavi,

224 885 337 925 Nunc
354 901 501 937 quoque
521 896 604 937 post
624 896 727 924 tanto
748 887 881 931 videat,
901 887 1114 937 desertaque
1134 900 1246 938 regna

225 952 432 997 Pastorum,
460 963 494 990 et
517 954 626 1005 longe
647 953 756 990 saltus
776 953 921 1003 lateque
942 953 1111 991 vacantis.

278 1019 356 1057 Hie
379 1020 561 1070 quondam
582 1021 709 1057 morbo
728 1019 818 1058 coeli
839 1020 1035 1057 miseranda
1053 1028 1180 1071 coorta
1198 1027 1254 1058 est

223 1087 455 1136 Tempestas.
474 1096 629 1138 totoque
649 1087 835 1125 auctumni
864 1087 1047 1125 incanduit
1067 1098 1181 1132 aestu,

225 1154 276 1192 Et
293 1168 406 1207 genus
419 1168 525 1192 omne
540 1154 619 1192 neci
634 1155 816 1205 pecudum
833 1155 947 1198 dedit,
967 1169 1072 1193 omne
1088 1154 1243 1193 ferarum
1260 1170 1272 1202 ς

222 1221 472 1272 Corrupitque
491 1221 590 1259 lacus
608 1237 618 1266 3
648 1221 772 1259 infecit
795 1221 925 1271 pabula
945 1222 1045 1260 tabo.

222 1288 303 1326 Nec
324 1288 378 1325 via
397 1289 524 1326 mortis
543 1299 620 1326 erat
641 1289 790 1339 simplex
807 1304 817 1328 ε
848 1290 922 1333 sed,
944 1290 1004 1327 ubi
1024 1290 1142 1341 ignea,
1175 1289 1272 1328 venis

223 1354 404 1393 Omni-bus
423 1364 516 1399 acta,
539 1355 615 1392 sitis
634 1355 779 1393 miseros
794 1356 994 1394 adduxerat
1013 1366 1126 1400 artus,

225 1421 368 1460 Rursus
387 1423 594 1460 abundabat
616 1422 746 1460 fluidus
766 1423 886 1473 liquor
903 1439 913 1469 ;
942 1424 1135 1474 omniaque
1155 1424 1188 1461 in
1210 1437 1246 1461 se

223 1489 318 1526 Ossa
338 1489 541 1526 minutatim
562 1490 691 1527 morbo
711 1490 869 1540 collapsa
888 1491 1070 1528 trahebat.

224 1557 340 1606 Saepe
359 1556 393 1592 in
414 1556 550 1593 honore
570 1557 675 1594 deam
706 1556 822 1593 medio
843 1566 939 1594 stans
959 1557 1078 1594 hostia
1097 1557 1142 1595 ad
1162 1571 1271 1604 aram,

225 1622 349 1660 Lanea
368 1623 454 1660 dum
475 1623 575 1660 nivea
598 1623 843 1660 circumdatur
862 1623 974 1661 infula
993 1624 1097 1669 vitta,

226 1689 331 1727 Inter
348 1690 554 1727 cunctantis
573 1690 706 1727 cecidit
727 1691 940 1728 moribunda
959 1691 1164 1730 ministros:

227 1757 329 1801 Aut,
350 1757 378 1795 si
399 1771 506 1807 quam
529 1757 624 1794 ferro
644 1767 860 1796 mactaverat
881 1769 964 1796 ante
983 1761 1177 1806 sacerdos,-

225 1823 316 1860 Inde
336 1838 451 1874 neque
471 1824 649 1875 impositis
668 1825 792 1863 ardent
813 1825 937 1879 altaria
958 1827 1070 1871 fibris,

223 1889 304 1928 Nec
325 1903 494 1940 respousa
524 1900 647 1941 potest
667 1891 853 1930 consultus
874 1893 1021 1930 reddere
1041 1902 1138 1931 vates
1150 1909 1162 1940 ;

224 1956 288 1993 Ac
309 1957 366 1993 vix
388 1957 567 2007 suppositi
588 1958 810 2009 tinguuntur
829 1959 1002 2009 sanguine
1021 1959 1144 2004 cultri,

229 2023 449 2074 Summaque
464 2017 586 2076 jejuna
607 2025 702 2062 sanie
721 2025 924 2064 infuscatur
941 2040 1059 2064 arena.

222 2089 328 2129 Hinc
348 2090 450 2128 laetis
469 2091 573 2128 vituli
593 2091 702 2143 volgo
722 2092 926 2130 moriuntur
943 2093 978 2130 in
999 2093 1135 2139 herbis,

225 2155 279 2194 Et
299 2157 414 2195 dulcis
433 2158 566 2196 animas
586 2158 691 2211 plena
709 2159 753 2197 ad
773 2159 958 2211 praesepia
976 2161 1144 2198 reddunt.
