1493 2605
186 291 220 314 v.
237 278 328 315 269.
492 272 839 312 GEORGICON
895 274 953 310 II.
1185 276 1235 316 67

182 386 283 437 Quin
303 384 411 422 etiam
429 384 521 421 coeli
540 384 720 434 regionem
740 384 776 421 in
795 383 930 421 cortice
953 375 1095 434 signant
1114 398 1125 428 ς

182 455 254 497 Ut,
275 466 348 501 quo
368 465 531 501 quaeque
552 451 660 487 modo
680 451 833 493 steterit,
854 464 926 500 qua
947 459 1047 499 parte
1066 450 1203 487 calores

180 518 381 557 Austrinos
403 517 537 560 tulerit,
558 512 650 566 quae
668 526 772 567 terga
790 517 986 553 obverterit
1005 515 1075 559 axi,

184 585 398 623 Restituant
413 599 422 621 ε
444 584 533 621 adeo
548 583 581 619 in
599 584 728 620 teneris
742 596 973 619 consuescere
994 582 1147 620 multum
1162 591 1229 620 est.

235 650 415 694 Collibus,
436 664 478 686 an
500 649 606 699 plano
627 649 752 686 melius
771 650 816 685 sit
836 663 970 698 ponere
992 650 1111 693 vitem,

179 718 325 768 Quaere
347 718 456 767 prius.
516 717 555 754 Si
585 716 728 767 pinguis
750 729 857 766 agros
877 716 1055 752 metabere
1076 715 1207 765 campi,

179 784 306 822 Densa
325 799 397 821 sere
415 799 425 826 ς
455 784 488 820 in
510 784 619 820 denso
640 796 708 818 non
729 782 873 832 segnior
887 783 994 819 ubere
1020 783 1185 820 Bacchus
1202 798 1214 821 ε

181 850 243 888 Sin
263 850 412 887 tumulis
431 849 563 887 acclive
584 849 699 885 solum
720 848 894 898 collisque
915 850 1087 899 supinos;

178 905 338 968 Indulge
355 916 555 955 ordinibus.
613 915 692 952 Nec
713 914 828 951 secius
847 914 962 951 omnis
981 914 1015 950 in
1038 928 1196 965 unguem

177 982 388 1019 Arboribus
407 982 533 1032 positis
553 990 653 1018 secto
674 980 726 1017 via
746 980 859 1016 limite
879 980 1043 1030 quadret.

178 1048 235 1085 Ut
257 1061 374 1099 saepe,
393 1047 529 1098 ingenti
549 1046 645 1083 bello
666 1060 778 1096 quum
796 1045 906 1096 longa
925 1047 1086 1083 cohortis

176 1112 368 1163 Explicuit
387 1113 497 1164 legi0,
517 1123 554 1149 et
574 1126 703 1161 campo
724 1111 824 1148 stetit
844 1125 973 1162 agmen
992 1122 1138 1162 aperto,

174 1178 422 1228 Directaeque
439 1178 544 1220 acies,
565 1191 606 1214 ac
625 1178 695 1214 late
717 1179 870 1214 fluctuat
889 1179 1003 1214 omnis

174 1244 278 1282 Aere
298 1245 472 1282 renidenti
486 1244 605 1286 tellus,
623 1258 686 1280 nec
706 1244 790 1280 dum
812 1244 956 1281 horrida
976 1245 1073 1282 misc<
1085 1255 1125 1283 nt

175 1311 332 1355 Proelia,
352 1311 413 1348 sed
433 1311 566 1347 dubius
586 1310 709 1346 mediis
730 1309 832 1347 Mars
850 1320 944 1347 errat
964 1311 998 1346 in
1019 1313 1125 1348 armis
1143 1326 1154 1349 :

175 1378 310 1416 Omnia
324 1377 393 1413 sint
413 1378 558 1426 paribus
574 1376 727 1412 numeris
743 1375 902 1412 dimensa
918 1377 1066 1421 viarum,

174 1444 260 1481 Non
280 1443 435 1480 animum
456 1443 564 1479 modo
586 1443 637 1478 uti
659 1451 779 1493 pascat
799 1452 1014 1491 prospectus
1032 1443 1198 1491 inanem;

173 1510 248 1547 Sed
268 1509 351 1559 quia
370 1523 440 1545 non
459 1508 562 1545 aliter
582 1509 670 1544 vires
689 1509 791 1545 dabit
810 1509 976 1546 omnibus
1004 1523 1136 1559 aequas

172 1575 303 1619 Terra,
319 1588 433 1624 neque
449 1574 484 1610 in
499 1587 650 1610 vacuum
670 1584 843 1623 poterunt
859 1588 895 1611 se
909 1577 1103 1612 extendere
1122 1577 1224 1616 rami.

227 1641 393 1679 Forsitan
412 1650 462 1684 et,
482 1641 668 1678 scrobibus
687 1654 778 1690 quae
798 1640 867 1677 sint
887 1643 1045 1692 fastigia,
1066 1657 1225 1693 quaeras,

171 1708 307 1746 Ausim
328 1707 383 1744 vel
402 1708 502 1744 tenui
522 1708 630 1743 vitem
650 1708 878 1744 committere
898 1708 998 1744 sulco
1015 1724 1026 1746 ι

172 1774 302 1812 Altior
321 1788 362 1810 ac
383 1773 526 1823 penitus
547 1783 664 1810 terrae
684 1774 858 1824 defigitur
876 1775 980 1810 arbos
997 1789 1009 1819 3

170 1839 356 1878 Aesculus
375 1839 409 1875 in
430 1839 565 1889 primis,
585 1853 689 1889 quae,
710 1849 886 1889 quantum
906 1842 1038 1877 vertice
1056 1841 1103 1877 ad
1121 1855 1225 1880 auras

169 1906 382 1949 Aetherias,
400 1915 541 1943 tantum
562 1906 680 1942 radice
699 1907 733 1942 in
754 1906 909 1943 Tartara
927 1909 1057 1946 tendit.

171 1974 277 2025 Ergo
292 1987 362 2010 non
383 1973 514 2010 hiemes
533 1972 641 2017 illam,
670 1987 739 2009 non
760 1973 884 2017 flabra,
904 1988 1019 2024 neque
1038 1976 1169 2014 imbres

169 2041 389 2080 Convellunt
407 2057 418 2087 3
446 2042 596 2078 immota
615 2050 747 2085 manet,
768 2041 972 2092 multosque
992 2053 1154 2092 nepotes,

169 2107 295 2146 Multa
314 2108 425 2146 virfim
446 2107 589 2145 volvens
608 2108 771 2144 durando
790 2109 941 2152 saecula,
962 2110 1071 2148 vincit
1086 2125 1098 2149 ε

170 2173 285 2220 Tum,
305 2174 411 2213 fortis
428 2173 500 2213 late
520 2187 634 2213 ramos
653 2183 691 2210 et
710 2174 857 2212 brachia
875 2176 1025 2213 tendens

659 2240 679 2278 1
709 2242 734 2277 2
