1493 2605
156 294 189 318 v.
206 282 297 319 496.
449 276 797 317 GEORGICON
853 278 935 316 ΙΙΙ.
1152 283 1205 319 95

157 390 260 429 Hinc
279 389 427 427 canibus
447 388 586 426 blandis
606 388 720 426 rabies
739 388 848 432 venit,
876 375 1052 439 etquatit
1072 403 1200 442 aegros

154 456 285 494 Tussis
303 455 427 493 anhela
448 470 541 500 sues,
561 469 602 493 ac
622 455 788 492 faucibus
807 455 909 506 angit
926 455 1057 492 obesis.

155 521 316 560 Labitur
332 521 469 566 infelix,
488 521 690 559 studiorum
707 530 818 571 atque
837 521 1021 558 immemor
1038 521 1183 566 herbae,

153 589 288 627 Victor
305 603 434 640 equus,
455 589 646 639 fontesque
665 588 852 632 avertitur,
871 597 910 625 et
929 589 1020 641 pede
1040 599 1171 628 terram

154 655 292 694 Crebra
312 655 394 693 ferit
413 670 423 694 t
454 654 625 692 demissae
644 667 746 690 aures
764 669 774 698 ς
804 654 963 692 incertus
986 655 1120 693 ibidem

156 721 290 765 Sudor,
309 730 345 758 et
367 720 423 758 ille
442 721 588 771 quidem
610 719 791 757 morituris
810 719 987 771 frigidus:
1018 730 1093 759 aret

154 787 275 832 Pellis,
293 797 332 825 et
351 788 396 824 ad
416 796 554 825 tactum
573 787 744 824 tractanti
764 787 854 823 dura
873 786 1019 824 resistit.

155 854 261 893 Haec
281 864 364 892 ante
383 855 538 892 exitium
557 854 679 904 primis
697 853 783 890 dant
803 853 906 904 signa
922 853 1064 892 diebus.

157 922 219 960 Sin
239 922 273 958 in
294 935 463 972 processu
482 921 604 971 coepit
624 920 835 957 crudescere
855 921 1015 966 morbus,

157 987 279 1040 (Tum
300 1002 383 1025 vero
402 988 566 1025 ardentes
585 986 694 1030 oculi,
711 996 819 1037 atque
839 995 1015 1024 attractus
1034 988 1080 1025 ab
1099 988 1178 1026 alto>

156 1054 326 1105 Spiritus,
345 1054 526 1091 interdum
547 1053 686 1104 gemitu
706 1053 824 1103 gravis
843 1069 853 1097 3
882 1052 1024 1103 imaque
1042 1054 1156 1107 longo

155 1119 222 1157 Ilia
241 1119 403 1171 singultu
424 1120 578 1157 tendunt
597 1134 608 1164 ;
637 1120 666 1156 it
695 1119 838 1156 naribus
857 1128 936 1157 ater

155 1187 324 1237 Sanguis,
342 1196 379 1224 et
397 1187 558 1223 obsessas
576 1184 698 1222 fauces
719 1185 846 1235 premit
867 1199 993 1236 aspera
1011 1185 1176 1238 lingua.)

154 1252 298 1290 Profuit
318 1252 451 1290 inserto
471 1252 594 1289 latices
612 1251 800 1289 infundere
821 1266 932 1291 cornu
1058 1242 1061 1244 μ

155 1318 320 1356 Lenaeos
338 1333 348 1356 ε
377 1332 419 1356 ea
439 1318 510 1355 visa
528 1317 620 1355 salus
648 1317 884 1355 morientibus
904 1331 986 1356 una.

154 1384 248 1423 Mox
267 1394 345 1422 erat
364 1384 436 1422 hoc
455 1386 573 1435 ipsum
592 1384 718 1428 exitio,
738 1382 911 1434 furiisque
932 1382 1059 1421 refecti

153 1451 362 1495 Ardebant,
383 1451 523 1502 ipsique
543 1465 638 1494 suos,
656 1453 726 1501 jam
747 1460 863 1487 morte
883 1451 950 1487 sub
970 1463 1091 1501 aegra,

156 1519 232 1573 (Di
249 1519 394 1556 meliora
413 1519 494 1569 piis,
508 1531 737 1567 erroremque
756 1517 922 1555 hostibus
938 1517 1038 1555 illum
1055 1517 1091 1569 l)

153 1585 334 1623 Discissos
353 1585 457 1622 nudis
474 1584 656 1622 laniabant
674 1584 844 1621 dentibus
862 1593 975 1621 artus.

154 1653 255 1690 Ecce
274 1662 410 1696 autem,
428 1652 520 1689 duro
540 1650 680 1688 fumans
699 1651 766 1687 sub
786 1664 941 1694 vomere,
968 1660 1094 1688 taurus

154 1719 342 1762 Concidit,
371 1728 408 1755 et
428 1717 580 1755 mixtum
601 1717 735 1767 spumis
754 1717 867 1753 vomit
885 1730 949 1754 ore
967 1730 1148 1761 cruorem,

154 1783 425 1835 Extremosque
442 1784 513 1821 ciet
533 1784 704 1835 gemitus.
763 1783 801 1820 It
822 1783 935 1820 tristis
954 1793 1088 1826 arator,

155 1849 381 1888 Moerentem
400 1851 597 1902 abjungens
619 1849 774 1888 fraterna
793 1859 909 1886 morte
923 1851 1145 1901 juvencum;

154 1916 286 1966 Atque
306 1931 415 1967 opere
434 1917 470 1954 in
490 1916 608 1954 medio
627 1917 746 1954 defixa
764 1916 934 1967 relinquit
952 1925 1081 1954 aratra.

154 1983 239 2021 Non
262 1985 408 2022 umbrae
427 1984 583 2021 altorum
603 1997 803 2026 nemorum,
823 1997 893 2020 non
908 1982 1029 2020 mollia
1048 1992 1199 2033 possunt

155 2050 263 2087 Prata
281 2064 423 2088 movere
442 2050 598 2088 animum
616 2066 627 2095 3
656 2065 742 2094 non,
758 2052 834 2100 qui,
854 2064 920 2101 per
938 2063 1023 2087 saxa
1041 2049 1200 2094 volatu&

154 2115 284 2153 Purior
300 2117 435 2155 electro
455 2131 623 2168 campum
644 2117 751 2167 petit,
770 2117 905 2155 amnis:
927 2125 964 2154 at
983 2117 1054 2154 ima

156 2181 354 2221 Solvuntur
366 2182 491 2230 latera,
511 2193 620 2235 atque
635 2183 760 2222 oculos
775 2191 904 2234 stupor
918 2192 1052 2235 urguet
1063 2181 1201 2226 inertis,
