1493 2605
170 307 206 331 v.
225 294 314 333 161.
450 287 802 331 GEORGICON
859 287 942 328 111.
1178 292 1229 329 83

173 405 227 443 Et
247 416 415 454 campum
433 402 641 441 horrentem
661 400 785 440 fractis
804 401 980 438 invertere
1000 399 1131 452 glebis.

170 471 305 511 Cetera
325 479 521 521 pascuntur
540 470 660 506 viridis
688 477 848 505 armenta
877 481 941 518 per
961 467 1088 505 herbas
1105 481 1115 504 ε

170 536 249 581 Tu,
263 551 352 589 qssnos
369 537 414 573 ad
427 536 588 574 studnum
602 545 712 585 atque
729 548 833 572 usum
845 533 1017 571 formabis
1030 542 1225 585 agrestem,

170 604 253 642 Jam
274 603 404 640 vitulos
424 603 586 646 hortare,
606 603 769 653 viamque
790 601 912 638 insiste
932 600 1119 644 domandi,

170 670 277 708 Dum
296 668 419 709 faciles
439 670 546 706 animi
561 671 747 720 juvenum,
767 668 855 705 dum
874 667 1015 704 mobllis
1033 676 1144 705 aetas.

169 736 235 776 Ac
255 736 412 787 primum
432 735 534 773 laxos
554 736 654 772 tenui
673 735 719 771 de
741 734 868 772 vimine
887 734 1018 771 circlos

168 803 312 841 Cervici
333 803 532 840 subnecte:
563 802 706 845 dehinc,
727 801 789 838 ubi
807 801 920 838 libera
939 800 1035 837 colla

169 869 327 911 Servitio
347 869 545 912 adsuerint,
564 868 650 918 ipsis
669 882 688 905 e
707 868 900 918 torquibus
920 876 1026 917 aptos

167 936 191 975 J
196 950 290 987 unge
311 949 426 986 pares,
456 944 494 972 et
513 948 605 986 coge
625 934 780 986 gradum
798 933 962 971 conferre
977 937 1163 985 juvencos.

169 1002 304 1053 Atque
325 1002 393 1039 illis
408 1005 484 1054 jam
505 1015 610 1051 saepe
631 1010 731 1037 rotae
751 1000 932 1038 ducantur
951 1000 1072 1038 inanes

170 1069 244 1107 Per
263 1079 408 1110 terram,
428 1078 465 1105 et
485 1081 627 1105 summo
648 1067 799 1118 vestigia
818 1066 964 1117 pulvere
984 1068 1128 1118 signent
1141 1082 1153 1106 ε

171 1135 277 1180 Post,
300 1135 418 1172 valido
441 1136 556 1172 nitens
577 1135 644 1173 sub
667 1128 842 1184 pondere&
858 1132 1004 1185 faginus
1025 1135 1103 1171 axis

172 1201 370 1253 Iustrepat‚
388 1212 428 1239 et
444 1204 592 1253 junctos
613 1211 712 1238 temo
729 1201 849 1237 trahat
869 1213 992 1237 aereus
1012 1201 1124 1238 orbis.

173 1269 322 1306 Interea
342 1269 431 1318 pubi
452 1268 646 1308 indomitae
667 1281 738 1304 non
759 1267 920 1318 gramina
939 1275 1097 1310 tantum,

171 1335 253 1375 Nec
274 1349 393 1373 vescas
413 1335 562 1373 salicum
578 1334 739 1378 frondes,
762 1334 952 1384 ulvamque
971 1332 1184 1384 palustrem,

174 1402 248 1439 Sed
267 1401 448 1440 frumenta
468 1415 576 1438 manu
596 1414 722 1452 carpes
739 1410 827 1438 sata.
887 1400 966 1437 Nec
987 1400 1054 1438 ti'oi
1075 1399 1185 1446 fetae,

171 1468 282 1506 More
302 1479 460 1518 patrum,
490 1469 592 1505 nivea
610 1467 815 1517 implebunt
835 1466 1043 1504 mulctraria
1063 1480 1205 1513 vaccae,

174 1535 249 1575 Sed
267 1545 347 1572 tota
366 1535 401 1571 in
421 1534 536 1572 dulcis
556 1543 771 1571 consument
791 1534 901 1570 ubera
920 1542 1035 1569 natos.

230 1601 291 1639 bin
312 1602 357 1637 ad
375 1600 469 1638 bella
490 1602 602 1653 magis
624 1601 785 1638 studium
813 1610 1023 1650 turmasque
1047 1598 1200 1646 feroces,

173 1667 262 1706 Aut
282 1668 434 1718 Alphea
454 1669 544 1705 rotis
564 1667 723 1717 praelabi
744 1667 891 1705 flumina
911 1667 1029 1710 Pisae,

175 1734 230 1772 Et
250 1735 350 1773 JOVts
370 1734 404 1771 in
423 1734 508 1772 luco
529 1748 655 1773 currus
673 1735 811 1786 agitare
831 1733 1011 1778 volantis;

176 1799 320 1838 Primus
339 1801 424 1851 equi
443 1800 546 1839 labor
563 1811 632 1846 est,
652 1803 788 1838 animos
807 1811 916 1852 atque
937 1813 1034 1836 arma
1054 1799 1173 1838 videre

176 1867 398 1911 Bellantum‚
416 1867 601 1919 lituosque
622 1867 712 1918 pati,
732 1877 928 1917 tractuque
947 1875 1156 1917 gementem

176 1934 285 1972 Ferre
305 1944 436 1978 rotam,
455 1944 493 1971 et
513 1934 656 1973 stabulo
677 1933 797 1972 frenos
815 1934 937 1970 aud1re
958 1934 1115 1970 sonantis
1132 1948 1146 1980 5

176 2000 277 2049 Tum
297 2001 411 2052 magis
430 2011 540 2052 atque
558 2002 675 2054 magis
695 2000 832 2038 blandis
852 2001 1010 2052 gaudere
1030 2001 1194 2052 magistri

177 2066 383 2111 Laudibus,
403 2078 440 2105 et
460 2069 604 2118 plausae
625 2068 783 2105 sonitum
802 2067 950 2105 cervicis
970 2081 1100 2105 amare.

176 2134 311 2185 Atque
331 2135 418 2172 haec
433 2137 508 2187 jam
528 2136 646 2185 primo
666 2134 837 2185 depulsus
857 2136 902 2172 ab
924 2136 1032 2172 ubere
1052 2136 1175 2174 matds

178 2200 348 2247 Audeat,
368 2202 477 2254 inque
497 2203 612 2241 vicem
631 2202 695 2240 det
714 2201 884 2240 mollibus
902 2215 968 2240 ora
984 2202 1150 2254 capistris

671 2268 763 2309 L2
