1493 2605
224 181 259 210 r.
274 172 367 209 634.
551 167 713 209 AENE
720 167 855 208 IDOS
913 170 987 210 IV.
1199 173 1279 211 225

222 282 371 320 Annam
390 294 472 318 cara
491 280 578 318 mihi
598 282 720 319 nutrix
740 282 812 319 huc
833 282 919 320 siste
939 296 1122 322 sororem:

221 349 314 393 Dic,
341 338 473 398 corpus
491 356 664 398 properet
682 347 816 386 fluviali
836 362 1004 400 spargere
1022 349 1187 400 lympha,

221 414 276 452 Et
297 415 454 465 pecudes
473 428 593 452 secum
613 425 651 452 et
670 425 868 454 monstrata
885 415 1028 466 piacula
1046 417 1157 454 ducat
1174 431 1186 454 ε

223 481 285 520 Sic
306 482 420 519 veniat
437 498 447 521 ε
476 491 592 532 tuque
611 482 689 532 ipsa
708 483 768 532 pia
786 491 871 534 tege
899 490 1065 533 tempora
1083 484 1186 522 vitta.

222 549 333 586 Sacra
351 549 434 587 Jovi
455 549 603 601 Stygio,
625 563 716 601 quae
734 550 801 588 rite
821 550 966 601 incepta
986 551 1122 601 paravi,

219 612 398 654 Perficere
416 624 471 653 est
489 616 640 660 animus,
660 616 840 666 finemque
859 618 1044 667 imponere
1063 617 1158 655 curis
1173 631 1187 664 ς

217 680 469 732 Dardaniique
488 695 619 733 rogum
638 683 766 733 capitis
781 683 990 733 permittere
1011 685 1185 723 flammae.

219 749 282 788 Sic
301 750 363 787 ait.
422 749 490 787 Illa
508 750 662 800 gradum
682 750 805 787 studio
834 748 1016 790 celerabat
1035 753 1132 791 anili.

215 815 276 853 At
298 815 451 866 trepida,
470 824 508 853 et
528 816 668 866 coeptis
686 816 901 854 immanibus
921 817 1042 862 effera,
1072 819 1191 863 Dido,

216 881 459 933 Sanguineam
478 882 622 920 volvens
640 883 766 928 aciem,
782 883 1005 934 maculisque
1023 885 1211 922 trementis

214 948 399 986 Interfusa
417 963 541 1000 genas,
567 959 606 987 et
625 949 757 1000 pallida
777 959 892 988 morte
913 950 1050 996 futura,

214 1016 396 1054 Interiora
414 1018 542 1054 domus
560 1017 727 1067 irrumpit
746 1017 881 1062 limina,
909 1027 946 1055 et
967 1018 1061 1056 altos

212 1084 437 1122 Conscendit
455 1083 650 1121 furibunda
669 1097 791 1136 rogos,
819 1098 1011 1135 ensemque
1030 1086 1186 1124 recludit

211 1149 455 1197 Dardanium,
481 1164 553 1188 non
572 1150 639 1187 hos
659 1151 861 1201 quaesitum
880 1165 1010 1189 munus
1029 1152 1064 1188 in
1084 1165 1184 1191 usus.

211 1217 304 1259 Hic,
335 1226 528 1268 postquam
550 1216 678 1254 Iliacas
698 1217 803 1255 vestis
823 1227 1023 1268 notumque
1043 1219 1165 1256 cubile

209 1284 426 1335 Conspexit,
454 1283 615 1334 paullum
633 1282 788 1321 lacrimis
806 1293 843 1321 et
862 1293 983 1321 mente
1001 1294 1154 1330 morata,

210 1350 460 1400 Incubuitque
479 1358 576 1394 toro,
591 1349 756 1400 dixitque
776 1350 967 1387 novissima
987 1351 1095 1388 vetba
1111 1366 1123 1389 z

261 1416 405 1455 Dulces
423 1417 585 1460 exuviae,
604 1416 691 1452 dum
709 1415 785 1453 fata
804 1416 966 1467 deusque
985 1417 1164 1463 sinebant,

207 1481 387 1533 Accipite
406 1482 498 1519 hanc
517 1482 684 1527 animam,
704 1496 833 1532 meque
852 1482 907 1519 his
925 1482 1102 1520 exsolvite
1120 1485 1230 1522 curis.

207 1548 310 1592 Vixi,
328 1556 378 1592 et,
397 1562 505 1598 quem
523 1548 673 1586 dederat
691 1562 837 1585 cursum
861 1549 1037 1593 Fortuna,
1057 1551 1182 1602 peregi
1198 1561 1212 1596 ς

207 1614 263 1653 Et
283 1627 377 1651 nunc
396 1627 527 1665 magna
544 1614 614 1651 mei
633 1614 701 1651 sub
728 1623 841 1651 terras
858 1613 927 1651 ibit
945 1615 1080 1667 imago.

210 1679 356 1720 Urbem
376 1679 594 1730 praeclaram
615 1681 725 1717 statui
743 1695 752 1718 ε
784 1694 861 1718 mea
879 1681 1018 1719 moenia
1037 1681 1109 1719 vidi
1126 1698 1140 1722 ε

211 1747 309 1786 Ulta
326 1747 456 1791 virum,
483 1759 618 1796 poenas
645 1746 789 1784 inimico
808 1760 829 1784 a
846 1746 958 1784 fratre
977 1748 1122 1798 recepi:

214 1812 337 1858 Felix,
358 1813 429 1850 heu
446 1815 455 1850 !
487 1813 637 1850 nimium
656 1812 757 1857 felix,
778 1814 805 1851 si
826 1813 950 1851 littora
968 1822 1114 1852 tantum

212 1879 425 1929 Numquam
444 1878 652 1917 Dardaniae
671 1879 878 1930 tetigissent
896 1889 1020 1918 nostra
1035 1880 1196 1920 carinae!

207 1944 346 1990 Dixit;
374 1954 425 1990 et,
444 1959 485 1983 os
504 1945 673 1996 impressa
690 1955 788 1991 toro,
816 1946 1019 1984 Moriemur
1036 1947 1196 1988 inultae!

211 2011 284 2049 Sed
304 2011 511 2058 moriamur,
540 2013 601 2053 ait.
634 2014 799 2052 Sic—-sic
814 2016 917 2066 juvat
936 2013 986 2052 ire
1004 2015 1072 2052 sub
1092 2015 1251 2055 umbms.

207 2075 368 2115 Hauriat
385 2079 484 2118 hunc
503 2079 617 2120 oculis
635 2080 758 2133 ignem
771 2080 931 2120 crudelis
951 2081 994 2119 ab
1015 2080 1090 2119 alto

258 2140 374 2183 Toni.
404 2146 438 2183 Ι.
713 2147 743 2184 F
771 2146 791 2182 f
