1493 2605
260 320 335 356 158
473 286 480 293 ¹
519 332 530 337 ·
560 318 862 357 AENEIDOS
921 319 977 357 11.
1173 322 1311 360 v.29u.

257 431 312 468 Et·
331 429 444 480 iungis
463 439 574 480 atque
594 430 722 481 magis,
751 444 972 481 quamquam
994 441 1130 468 secreta
1152 432 1312 482 parentis

253 497 443 534 Anchisae
463 497 594 533 domus
613 497 876 547 arboribusque
895 498 1047 535 obtecta
1069 499 1230 544 recessit,

253 563 467 601 Clau-escunt
489 565 643 606 sonitus,
672 577 928 613 armorumque
948 564 1086 616 ingruit
1105 565 1246 602 horror.

254 631 440 670 Excutior
459 644 601 673 somno,
631 639 668 666 et
690 630 817 666 summi
838 629 986 681 fastigia
1006 630 1097 668 tecti

251 698 450 736 Adscensu
471 710 618 746 super0‚
637 705 747 746 atque
768 696 916 733 arrectis
931 697 1077 734 auribus
1097 697 1204 735 adsto
1221 713 1232 736 ε

254 764 299 801 In
313 774 488 816 segetem,
508 763 634 808 veluti,
651 776 763 814 quum
777 763 933 807 flamma,
949 762 1153 802 furentibus
1169 764 1314 810 austris,

252 831 403 876 Incidit,
431 841 494 868 aut
514 830 659 881 rapidus
679 840 851 868 montano
882 831 1029 869 flumine
1050 841 1192 869 torrens

253 899 392 936 Sternit
411 912 531 950 agros,
561 898 688 935 sternit
708 907 785 934 sata
812 897 919 943 laeta,
948 899 1136 949 boumque
1158 898 1314 945 labores,

251 966 548 1017 Praecipitesque
568 965 680 1003 trahit
702 964 804 1002 silvas
823 981 834 1009 3
865 974 989 1016 stupet
1011 965 1158 1011 inscius,
1179 966 1255 1003 alto

252 1035 456 1085 Accipiens
477 1034 636 1071 sonitum
657 1033 732 1070 saxi
753 1033 798 1069 de
819 1033 966 1078 vertice,
988 1043 1125 1084 pastor.

249 1101 352 1139 Tum
372 1115 456 1139 vero
482 1100 669 1137 manifesta
690 1099 792 1144 fides,
822 1100 1070 1150 Danaumque
1091 1109 1286 1151 patescunt

250 1168 418 1206 Insidiae.
476 1168 556 1206 Jam
577 1167 770 1217 De'i'phobi
791 1166 893 1204 dedit
914 1167 1035 1217 ampla
1049 1167 1204 1212 ruinam,

248 1235 418 1273 Volcano
437 1243 643 1286 superante,
664 1234 794 1270 domus
813 1249 824 1273 z
848 1235 921 1285 jam
949 1233 1138 1284 proximus
1157 1234 1259 1272 ardet

250 1303 470 1354 Ucalegon:
505 1302 616 1353 Sigea
634 1301 708 1352 igni
742 1299 836 1337 freta
856 1300 928 1338 lata
948 1300 1123 1338 relucent.

250 1369 433 1407 Exoritur
453 1369 662 1419 clamorque
690 1367 818 1411 virum,
849 1367 1072 1419 clangorque
1098 1368 1284 1406 tubarum.

248 1436 371 1474 Arma
389 1450 508 1474 amens
528 1435 634 1486 capio
654 1451 663 1480 ;
694 1449 759 1472 uec
780 1443 833 1471 sat
847 1435 994 1472 rationis
1013 1435 1048 1472 in
1069 1437 1188 1473 armis.

249 1505 323 1542 Sed
343 1503 545 1555 glomerare
566 1516 708 1539 manum
721 1502 833 1545 bello,
852 1511 890 1539 et
905 1516 1121 1540 concurrere
1138 1503 1172 1539 in
1190 1517 1310 1541 arcem

247 1570 344 1608 Cum
364 1570 482 1614 sociis,
502 1570 629 1607 ardent
643 1569 750 1606 animi
768 1584 777 1607 :
809 1568 912 1606 furor
931 1569 1056 1619 iraque
1077 1579 1238 1606 mentem

249 1636 496 1686 Praecipitant
515 1653 525 1682 ;
546 1636 813 1688 pulchrumque
828 1637 919 1673 mori
936 1636 1117 1673 succurrit
1137 1636 1172 1673 in
1189 1635 1308 1674 armis.

304 1703 430 1741 Ecce!
464 1713 586 1740 autem
606 1703 688 1740 telis
709 1703 875 1741 Panthus
895 1703 1038 1753 elapsus
1059 1702 1266 1748 Achivom,

248 1769 414 1807 Panthus
435 1770 664 1820 Othryades,
691 1769 784 1807 arcis
806 1769 1020 1820 Phoebique
1040 1769 1223 1815 sacerdos,

249 1837 361 1876 Sacra
379 1851 502 1882 manu,
521 1837 713 1887 victosque
733 1837 833 1881 deos,
864 1851 1087 1887 parvumque
1103 1845 1279 1887 nepotem

249 1905 337 1954 Ipse
357 1905 485 1948 trahit,
504 1918 685 1954 cursuque
705 1918 825 1941 amens
847 1905 892 1941 ad
911 1904 1033 1946 limina
1052 1905 1186 1944 tendit.

249 1973 338 2021 Quo
358 1986 412 2009 res
432 1985 570 2009 summa
588 1971 685 2015 loco,
708 1972 876 2009 Panthu?
899 1986 1008 2022 quam
1025 1973 1234 2022 prendimus
1253 1986 1308 2010 ar-

248 2039 323 2075 Vix
345 2053 385 2076 ea
398 2038 495 2076 fatus
505 2052 616 2081 eram,
629 2038 769 2090 gemitu
783 2053 896 2089 quum
912 2039 996 2076 talia
1008 2039 1146 2077 reddit:
1183 2039 1312 2090 [cem3

248 2106 362 2143 Venit
381 2119 519 2143 summa
537 2105 612 2142 dies
631 2114 668 2143 et
688 2105 920 2143 ineluctabile
941 2115 1087 2156 tempus

247 2172 469 2210 Dardaniae.
502 2172 654 2210 Fuimus
682 2172 829 2211 Tro'e's:
860 2172 932 2210 fuit
951 2172 1074 2217 Ilium,
1094 2181 1131 2210 et
1151 2173 1279 2224 ingens

249 2238 380 2277 Gloria
399 2238 645 2278 Teucrorum.
704 2239 819 2277 Ferus
837 2239 958 2277 omnia
975 2240 1123 2290 Jupiter
1146 2239 1279 2291 Argos

1455 2485 1460 2490 ι
1462 2351 1493 2478 ἑὲῗῖἓ)ι’.’
1470 1285 1493 2343 'mmm-*m
1491 1266 1493 1274 .
1489 1217 1493 1224 .
1491 1162 1493 1170 „
