1493 2605
197 329 231 355 v.
247 317 338 355 634.
501 311 802 352 AENEIDOS
859 310 942 349 111.
1171 313 1248 350 199

196 427 372 469 Numina,
391 424 584 474 sortitique
603 424 710 468 vices,
734 436 805 460 una
824 423 983 473 undique
1002 423 1141 461 circum

197 480 412 536 Fundimur‚
431 501 469 529 et
489 490 563 529 telo
582 491 702 529 lumen
723 491 945 528 terebramus
965 498 1074 528 acuto

197 563 347 612 Ingens,
367 560 468 610 quod
486 568 589 596 torva
610 558 726 595 solum
746 559 812 595 sub
833 557 953 595 fronte
973 556 1123 602 latebat,

196 625 372 679 Argolici
392 626 499 676 clipei
519 635 582 662 aut
605 625 794 663 Phoebeae
813 624 989 675 lampadis
1007 624 1121 661 instar
1137 639 1148 663 ε

198 693 253 731 Et
271 693 418 730 tandem
437 692 523 730 laeti
543 692 723 729 sociorum
743 691 952 729 ulciscimur
970 691 1125 728 umbras.

199 761 273 800 Sed
293 760 426 812 fugite,
446 775 469 797 o
489 760 630 797 miseri!
655 759 787 811 sugite,
807 768 917 810 atque
933 759 977 796 ab
989 758 1113 797 littore
1126 758 1248 796 funem

199 828 379 879 Rumpite
393 843 404 865 :

197 895 310 939 Nam,
330 894 444 945 qualis
464 904 695 945 quantusque
713 907 800 932 cavo
822 893 1071 944 Polyphemus
1090 893 1125 930 in
1145 902 1249 931 antro

198 962 399 1014 Lanigeras
414 961 550 999 claudit
570 962 738 1012 pecudes,
758 971 869 1011 atque
889 961 999 997 ubera
1018 970 1171 1010 pressat,

198 1030 358 1068 Centum
378 1029 436 1067 alii
456 1044 566 1067 curva
586 1029 674 1066 haec
695 1028 860 1064 habitant
876 1028 920 1064 ad
940 1026 1066 1065 littora
1084 1028 1196 1080 volgo

201 1097 344 1137 Infandi
365 1097 559 1148 Cyclopes,
579 1108 617 1133 et
635 1094 717 1132 altis
737 1094 924 1132 montibus
943 1104 1076 1133 errant.

200 1164 330 1202 Tertia
343 1167 418 1216 jam
438 1164 568 1202 Lunae
588 1177 625 1201 se
644 1175 780 1200 cornua
799 1160 932 1199 lumine
952 1162 1154 1212 complent,

199 1232 326 1282 Quum
346 1232 456 1268 vitam
474 1231 511 1267 in
531 1230 638 1275 silvis,
665 1230 758 1267 inter
776 1229 917 1266 deserta
935 1228 1092 1266 ferarum

199 1298 341 1336 Lustra
352 1297 893 1348 domosque,traho‚vastosque
904 1296 949 1333 ab
962 1309 1052 1346 rupe
1065 1297 1252 1347 Cyclopas

200 1365 405 1415 Prospicio,
434 1365 663 1414 sonitumque
696 1363 831 1413 pedum
849 1376 1048 1413 vocemque
1066 1363 1251 1404 tremisco.

200 1433 353 1471 Victum
373 1431 569 1476 infelicem,
586 1431 718 1468 baccas
735 1428 971 1480 lapidosaque
985 1441 1107 1475 corna,

200 1500 305 1549 Dant
324 1499 426 1542 rami,
453 1507 490 1535 et
506 1497 615 1551 *volsis
635 1505 792 1547 pascunt
812 1496 993 1534 radicibus
1008 1497 1152 1536 herbae.

202 1566 335 1605 Omnia
353 1564 580 1612 collustrans,
612 1564 704 1601 hanc
724 1563 877 1614 primum
899 1564 944 1601 ad
963 1564 1089 1603 littora
1107 1565 1256 1604 classem

202 1632 385 1684 Conspexi
400 1632 615 1669 venientem.
638 1631 744 1668 Huic
759 1644 828 1676 me,
849 1645 1102 1682 quaecumque
1114 1632 1255 1680 fuisset,

201 1699 346 1736 Addixi
363 1714 372 1737 ε
404 1698 488 1736 satis
506 1708 562 1736 est
582 1707 729 1750 gentem
749 1697 919 1749 effugisse
938 1698 1128 1736 nefandam
1145 1717 1155 1738 :

202 1766 281 1803 Vos
293 1765 445 1802 animam
458 1766 550 1803 hanc
565 1765 688 1816 potius
707 1779 943 1816 quocumque
963 1766 1143 1804 absumite
1162 1766 1251 1804 leto.

255 1833 331 1870 Vix
350 1846 392 1869 ea
410 1831 507 1870 fatus
525 1842 616 1878 erat,
637 1846 777 1870 summo
798 1846 912 1883 quum
925 1841 1048 1870 monte
1067 1833 1229 1871 videmus

204 1902 344 1951 Ipsum,
364 1901 459 1937 inter
478 1900 636 1950 pecudes
655 1908 755 1937 vasta
775 1913 811 1937 se
831 1898 925 1937 mole
944 1910 1163 1945 moventem,

204 1968 393 2006 Pastorem
414 1966 699 2018 Polyphemum,
732 1976 769 2004 et
789 1966 915 2005 littora
934 1976 1023 2004 nota
1042 1977 1226 2017 petentem
1245 1984 1257 2014 ;

204 2034 416 2072 Monstrum
428 2033 662 2078 horrendum,
676 2033 844 2078 informe,
860 2034 1001 2085 ingens,
1014 2034 1075 2071 cui
1089 2033 1209 2072 lumen
1221 2049 1258 2072 a·

205 2100 581 2151 Truncamanupinus
591 2101 686 2152 regit
694 2111 731 2138 et
741 2100 894 2153 vestigia
902 2101 1034 2138 firmat.
1058 2102 1258 2152 [demtum

206 2167 414 2219 Lanigerae
433 2168 656 2207 comitantur
674 2183 782 2208 oves:
814 2182 856 2206 ea
875 2167 950 2205 sola
972 2167 1157 2220 voluptas²

208 2233 451 2285 Solamenque
471 2235 567 2272 mali.
