1493 2605
273 298 349 334 130
500 330 510 334 -
588 278 888 335 AENEIDOS
947 296 980 334 1.
1173 310 1207 334 v.
1224 298 1314 337 293.

264 408 352 446 Jura
367 408 502 445 dabunt
522 423 532 451 ς
562 408 659 445 dirae
679 408 774 445 ferro
786 417 821 445 et
838 407 1077 459 compagibus
1097 406 1205 445 arctis

264 473 490 512 claudentur
511 474 601 512 Belli
623 484 748 525 portae
767 490 776 519 ;
809 474 926 511 Furor
944 474 1074 524 impius
1094 474 1205 519 intus,

266 540 378 578 Saeva
399 542 521 578 sedens
541 555 647 591 super
666 554 774 584 arma,
795 551 831 577 et
852 550 997 578 centum
1019 541 1159 578 vinctus
1178 540 1276 579 ae‘nis

263 606 354 645 Post
374 618 516 659 tergum
538 607 653 651 nodis,
674 606 799 644 fremet
822 607 988 644 horridus
1007 622 1067 645 ore
1088 618 1254 646 cruento,

317 674 424 713 Haec
444 675 492 711 ait
511 690 520 712 :
550 683 587 712 et
608 673 707 712 Maia
727 673 889 725 genitum
910 673 1070 711 demittit
1089 674 1135 712 ab
1154 674 1244 718 alto,

261 741 317 779 Ut
338 749 464 785 terrae,
486 751 599 791 utque
619 755 728 778 novae
749 749 895 790 pateant
915 740 1148 793 Carthaginis
1166 754 1263 778 arces

259 807 439 857 Hospitio
459 808 614 845 Teucris
632 824 643 853 ;
674 822 715 844 ne
736 807 800 844 fati
823 806 939 844 nescia
961 807 1064 845 Dido‘

257 874 408 912 Finibus
426 883 575 914 arceret.
634 873 744 912 Volat
765 874 822 911 ille
842 889 907 924 per
925 875 1006 911 a'e'ra
1027 887 1199 925 magnum

259 941 431 993 Remigio
452 941 587 978 alarum
604 956 613 986 3
643 954 684 978 ac
708 941 852 990 Libyae
872 941 965 977 citus
985 940 1127 978 adstitit
1146 932 1229 977 oris.

256 1007 310 1046 Et
326 1011 397 1060 jam
413 1009 510 1059 jussa
530 1007 617 1044 facit
636 1023 646 1052 ;
676 1015 892 1057 ponuntque
912 1006 1046 1044 ferocia
1067 1005 1180 1044 Poeni

254 1076 390 1120 Corda,
410 1075 551 1112 volente
571 1074 652 1112 deo.
712 1076 754 1112 In
776 1073 897 1125 primis
917 1073 1040 1125 regina
1059 1074 1222 1124 quietum

251 1141 409 1192 Accipit
425 1142 459 1178 in
474 1143 639 1180 Teucros
658 1138 828 1184 animum,
848 1149 1075 1191 mentemque
1094 1141 1301 1193 benignam.

303 1209 364 1246 At
386 1208 465 1258 pius
486 1208 646 1253 Aeneas,
666 1222 731 1259 per
750 1217 894 1245 noctem
915 1207 1069 1258 plurima
1088 1207 1249 1253 volvens,

250 1275 309 1313 Ut
328 1273 483 1325 primum
502 1275 564 1312 lux
586 1274 678 1312 alma
697 1275 781 1312 data
801 1283 869 1318 est,
889 1274 1000 1318 exire,
1019 1273 1193 1324 locosque

249 1341 455 1391 Explorare
476 1356 587 1379 novos
602 1357 617 1387 ς
643 1355 731 1392 quas
753 1351 859 1378 vento
887 1341 1077 1378 accesserit
1097 1355 1191 1386 oras,

248 1408 323 1459 Qui
344 1417 501 1453 teneant,
521 1422 601 1445 nam
621 1407 757 1445 inculta
777 1408 887 1451 videt,
916 1407 1122 1445 hominesne
1141 1405 1299 1454 feraene,

248 1476 430 1525 Quaerere
451 1474 655 1520 constituit,
675 1473 852 1525 sociisque
871 1484 999 1512 exacta
1018 1474 1161 1513 referre.

245 1542 405 1580 Classem
424 1542 458 1578 in
478 1556 638 1579 convexo
660 1555 859 1584 nemorum,
880 1540 946 1578 sub
966 1555 1055 1591 rupe
1076 1551 1215 1587 cavata,

242 1609 454 1646 Arboribus
466 1607 623 1646 clausam
635 1608 770 1646 circum
783 1617 892 1658 atque
903 1608 1134 1645 horrentibus
1146 1609 1294 1657 umbris,

244 1674 418 1714 Occulit:
450 1674 525 1726 ipse
545 1690 617 1713 uno
637 1675 803 1727 graditur
822 1675 1018 1712 comitatus
1038 1674 1204 1720 Achate,

243 1742 334 1780 Bina
354 1755 458 1779 manu
477 1741 552 1779 lato
571 1742 729 1792 crispans
748 1741 889 1778 hastilia
916 1739 1024 1779 ferro.

238 1809 310 1847 Cui
333 1818 446 1846 mater
464 1808 580 1846 media
599 1822 674 1846 sese
693 1807 778 1846 tulit
797 1808 903 1845 obvia
923 1807 1021 1852 silva,

242 1875 406 1927 Virginis
420 1889 459 1913 os
480 1875 717 1925 habitumque
737 1888 878 1926 gerens,
897 1883 934 1911 et
954 1873 1102 1926 virginis
1121 1888 1219 1912 arma

241 1944 437 1991 Spartanae
455 1957 466 1987 ;
495 1940 551 1978 vel
571 1940 685 1991 qualis
705 1954 818 1990 equos
838 1941 1012 1978 Thre'i‘ssa
1030 1933 1163 1991 fatigat

239 2008 467 2058 Harpalyce,
486 2004 740 2057 volucremque
761 2006 851 2059 fuga
868 2006 1108 2057 praevertitur
1128 2007 1285 2046 Eurum.

238 2074 406 2124 Namque
418 2074 576 2111 humeris
587 2074 631 2111 de
643 2088 740 2110 more
750 2073 905 2111 habilem
917 2073 1149 2124 suspenderat
1162 2076 1282 2112 arcum

236 2141 430 2185 Venatrix,
448 2136 670 2191 dederatque
689 2154 829 2178 comam
849 2139 1050 2178 diffundere
1069 2142 1196 2186 ventis,
1285 2132 1288 2136 .

234 2207 344 2245 Nuda
363 2221 473 2258 genu,
493 2207 662 2259 nodoque
677 2207 772 2246 sinus
791 2207 946 2246 collecta
965 2205 1128 2246 fluentis„>
