1493 2605
155 332 188 358 v.
204 320 294 357 411.
456 314 756 354 AENEIDOS
812 314 894 353 ΙΙΙ.
1126 319 1198 354 19ἔ

155 430 312 472 Ventus,
330 436 368 465 et
387 427 532 480 angusti
560 435 738 464 rarescent
758 425 912 463 claustra
933 425 1065 469 Pelori,

157 494 283 533 Laeva
302 493 371 531 tibi
389 492 496 530 tellus
515 501 553 530 et
571 492 683 543 longo
702 491 800 529 laeva
818 501 990 542 petantur

155 561 337 612 Aequora
355 558 510 596 circuitu
528 574 539 604 ;
567 559 736 596 dextrum
756 558 844 609 fuge
863 557 966 595 littus
984 566 1022 595 et
1042 559 1167 596 undas.

157 625 264 664 Haec
283 625 364 664 loca
380 625 414 661 vi
434 624 628 675 quondam,
647 633 684 661 et
704 634 804 661 vasta
822 624 989 661 convolsa
1009 625 1123 667 ruina,

159 691 345 745 (Tantum
363 691 438 728 aevi
456 690 655 742 longinqua
674 691 767 728 valet
787 700 927 728 mutare
946 692 1124 742 vetustas)

157 758 368 796 Dissiluisse
386 757 521 801 ferunt,
540 770 652 807 quum
671 765 845 806 protenus
865 766 1018 807 utraque
1039 756 1146 794 tellus

158 826 244 864 Una
264 824 359 862 foret
376 839 386 863 :
416 824 512 862 venit
531 823 650 860 medio
671 823 703 859 vi
723 834 871 872 pontus,
890 832 927 860 et
946 824 1050 860 undis

158 891 380 941 Hesperium
401 890 525 929 Siculo
544 889 638 926 latus
658 890 826 933 abscidit,
845 904 1019 940 arvaque,
1032 902 1069 929 et
1090 892 1201 937 urbis,

158 958 307 994 Littore
325 957 505 1001 diductas,
525 965 680 1008 angusto
700 955 862 992 interluit
881 966 995 993 aestu.

158 1023 345 1060 Dextrum
367 1022 490 1073 Scylla
503 1023 610 1066 latus,
631 1022 772 1059 laevum
785 1021 974 1071 implacata
995 1024 1201 1074 Charybdis

160 1090 331 1133 obsidet,
350 1098 460 1139 atque
480 1090 551 1126 imo
571 1088 732 1126 barathri
752 1098 807 1125 ter
825 1089 974 1139 gurgite
993 1100 1112 1127 vastos

160 1158 294 1196 Sorbet
312 1157 348 1193 in
367 1157 563 1206 abruptum
583 1155 730 1198 fluctus,
751 1169 942 1205 rursusque
961 1157 1028 1193 sub
1048 1171 1149 1194 auras

160 1224 286 1274 Erigit
305 1222 474 1268 alternos,
492 1231 530 1259 et
549 1222 663 1258 sidera
677 1221 838 1258 verberat
857 1223 963 1258 unda.

161 1290 219 1326 At
241 1289 400 1339 Scyllam
419 1288 533 1325 caecis
551 1287 699 1325 cohibet
716 1286 887 1337 spelunca
904 1287 1064 1333 latebris,

160 1355 239 1393 Ora
257 1363 514 1399 exsertantem,
534 1363 571 1391 et
590 1354 686 1405 navis
706 1353 741 1390 in
762 1367 846 1390 saxa
865 1354 1078 1391 trahentem.

160 1421 281 1459 Prima
298 1420 452 1457 hominis
471 1419 594 1464 facies,
621 1429 658 1456 et
678 1419 832 1469 pulchro
852 1429 1000 1469 pectore
1020 1422 1122 1472 virgo

161 1487 264 1524 Pube
281 1495 409 1524 tenust
440 1495 623 1536 postrema
642 1485 787 1522 immani
805 1499 957 1537 corpore
976 1486 1117 1536 pistrix,

161 1553 390 1603 Delphinum
407 1553 539 1590 caudas
557 1548 661 1589 utero
681 1552 869 1589 commissa
887 1552 1070 1602 luporum.

162 1620 326 1657 Praestat
343 1619 524 1657 Trinacrii
542 1628 655 1656 metas
682 1618 834 1656 lustrare
856 1618 1019 1668 Pachyni

161 1686 385 1730 Cessantem,
404 1685 534 1736 longos
553 1693 590 1722 et
610 1685 748 1722 circum
768 1685 914 1721 flectere
933 1699 1071 1729 cursus,

163 1753 284 1801 Quam
303 1751 412 1789 semel
429 1751 621 1788 informem
640 1759 743 1787 vasto
762 1750 890 1787 vidisse
909 1752 975 1788 sub
995 1761 1097 1789 antro

165 1817 339 1869 Scyllam,
367 1827 403 1855 et
424 1817 594 1855 caeruleis
613 1816 762 1854 canibus
780 1818 982 1854 resonantia
1002 1832 1096 1855 saxa.

164 1885 366 1928 Praeterea,
386 1884 413 1921 si
429 1897 499 1934 qua
517 1893 572 1921 est
592 1882 738 1921 Heleno
758 1883 962 1933 prudentia,
977 1885 1048 1920 vati

165 1950 202 1989 Si
222 1964 295 2001 qua
314 1951 415 1995 fides,
435 1951 590 1988 animum
610 1950 638 1988 si
658 1950 747 1988 veris
765 1949 892 2000 implet
911 1950 1069 2002 Apollo,

166 2018 292 2054 Unum
310 2017 400 2055 illud
419 2018 501 2062 tibi,
520 2027 602 2055 nate
621 2017 700 2060 dea,
719 2030 877 2067 praeque
896 2018 1061 2055 omnibus
1081 2031 1205 2062 unum,

167 2083 427 2128 Praedicam,et
436 2093 599 2135 repetens
609 2083 812 2134 iterumque
825 2084 1027 2135 iterumque
1034 2086 1202 2122 monebo:

164 2149 315 2187 Junonis
335 2164 484 2202 magnae
498 2150 654 2201 primum
673 2164 780 2201 prece
800 2164 929 2187 numen
949 2151 1085 2196 adora;

172 2215 298 2253 lunoni
318 2230 402 2253 cane
423 2226 506 2255 vota
523 2216 652 2264 libens,
669 2216 922 2267 dominamque
940 2227 1126 2268 potentem
